2750 4810
181 226 238 286 140
309 247 321 274 ⁰
651 233 781 289 ΔΗΠσΥ.

257 395 315 458 'Odi
328 395 361 464 di,
376 400 413 465 τίς
428 396 486 457 mr’
498 397 572 466 ἔπιίς
596 399 612 455 r'r
626 393 692 461 >isra
705 393 839 477 Στςιίτανς

178 560 238 618 Hic
258 580 322 618 nero
336 559 397 639 qnis
411 559 522 616 tandem
536 556 596 616 est?
629 557 698 615 Non
712 555 808 634 utique
824 554 940 614 Strato?
976 553 1036 636 [G.
1057 555 1100 614 Es
1123 557 1161 618 ist
1183 560 1256 629 doch

175 639 249 700 nolli
261 641 336 699 nisit
352 639 469 698 Strato?
490 639 595 710 Norat,
609 657 668 697 noo
683 654 746 694 esse
760 635 936 704 Stratonem,
951 636 1003 694 sed
1016 649 1136 716 propter
1155 641 1256 702 simili-

175 722 305 780 tudinem
320 721 452 780 dubitare
466 739 497 779 se
511 719 605 796 fingit.

213 883 267 940 VI.
289 883 323 940 In
338 881 570 962 responsionibus
590 881 639 941 bic
652 893 697 942 est
710 901 789 954 usus
810 891 853 956 ut,
867 879 946 962 quod
959 882 1161 963 respondendo
1173 907 1250 949 asse·

173 983 315 1036 vetamus,
337 963 368 1021 id
389 983 503 1044 quoqne
521 983 540 1022 a
559 964 687 1043 rogantis
708 983 825 1024 assensu
845 965 1062 1043 suspendamus.
1106 967 1252 1050 Exempla

165 1057 240 1104 sunt
254 1045 331 1124 apud
343 1045 494 1105 Platonem
508 1045 638 1124 plurima.
681 1046 728 1104 Ita
741 1049 841 1112 adnue
861 1043 937 1114 δέη,
961 1048 1083 1120 omnino,
1105 1069 1165 1108 meo
1189 1055 1251 1130 qui-

148 1129 233 1186 ·dem
253 1127 403 1200 sententia,
417 1128 446 1184 in
461 1128 610 1209 Enthyph.
624 1145 690 1206 pag.
712 1133 741 1188 5.
761 1127 811 1185 lin.
826 1133 874 1188 34.
930 1127 979 1186 Sic
994 1128 1024 1186 in
1046 1129 1158 1189 Theaer.
1181 1153 1247 1213 pag.

173 1211 240 1269 163.
262 1208 310 1266 lin.
326 1212 374 1268 42·
399 1209 454 1288 [T.
469 1211 509 1269 11.
532 1233 560 1290 p.
581 1215 630 1270 94.
651 1209 697 1267 ed.
712 1208 796 1287 Βὴλ]
825 1223 857 1268 Σ.
878 1211 1195 1288 Μνήμηνῦλίγεοςμίποι
1208 1241 1249 1285 ss,-

171 1303 206 1352 Θ.
224 1294 287 1350 Ner'.
310 1303 342 1350 Σ.
364 1291 464 1373 Πῦπςον
479 1291 665 1364 ἐδινόςῆτινᾶςς
689 1304 724 1350 Θ.
740 1298 809 1356 Timr
824 1287 897 1354 driven
921 1293 951 1348 S.
972 1291 1142 1351 Memoriam
1156 1315 1247 1354 nonne

169 1371 239 1430 dicis
261 1369 373 1451 aliquid
391 1373 467 1430 esse?
491 1373 561 1432 ΤΗ.
581 1373 665 1432 Dico.
709 1375 739 1431 S.
771 1373 871 1432 Utrum
903 1369 1015 1439 nullius,
1044 1394 1082 1430 an
1109 1372 1247 1456 alicujus?

172 1453 202 1512 T
199 1453 227 1510 t.
242 1451 381 1532 Alicujnr,
406 1453 515 1533 opinor.
536 1475 564 1534 q.
592 1453 620 1511 d.
651 1454 754 1512 Nonne
767 1462 794 1512 et
809 1452 923 1512 laidem
937 1453 1043 1510 sentis?
1064 1453 1105 1512 Et
1117 1454 1148 1512 in
1162 1456 1244 1514 Phre-

169 1533 222 1591 dro
236 1553 301 1612 pag.
317 1539 386 1593 ι263.
405 1535 459 1613 [Τ.
484 1536 521 1594 X.
541 1555 571 1613 p·
599 1536 667 1596 357.
694 1534 740 1592 ed.
769 1533 851 1611 Blp.]
877 1547 910 1592 Σ.
932 1536 969 1592 Τι’
998 1531 1039 1604 ὧς
1074 1542 1116 1594 rii
1143 1536 1247 1620 ''Egm

167 1617 266 1696 ringor
280 1619 362 1692 φῧμιι
377 1615 434 1676 tirou
448 1617 738 1694 effrenatissimus,
761 1613 778 1684 li
796 1619 842 1674 τᾶν
861 1617 910 1691 μίς
933 1627 966 1674 Φ.
987 1619 1041 1672 Tr'ir
1061 1623 1246 1693 ipotrssmrr'-

166 1723 219 1772 per
242 1695 316 1762 dixe.
360 1699 390 1755 S.
417 1697 495 1766 Quid
511 1697 621 1778 igitur?
655 1698 784 1755 Amorem
813 1703 906 1754 atrurn
925 1695 1045 1756 dicernns
1067 1717 1124 1756 esse
1148 1719 1182 1756 es
1200 1720 1244 1758 eo-

167 1797 229 1836 rurn
245 1798 361 1918 gebe‘rrle'
378 1799 445 1870 'quse
465 1782 496 1838 in
516 1778 737 1920 coptrqoersiomt
753 1775 867 1867 rodunt,
881 1795 930 1836 nec
950 1775 1005 1836 ne?
1024 1777 1098 1838 PH.
1139 1779 1186 1840 En
1198 1801 1242 1840 eo·

166 1877 228 1917 runs
243 1880 289 1918 cre
309 1880 318 1917 r
339 1879 420 1932 crim,
435 1881 498 1942 qrne
512 1881 544 1920 oo
567 1881 603 1920 nn
630 1879 659 1920 tn
674 1879 723 1918 con
738 1876 900 1918 roveretum.

205 2027 276 2087 VII.
298 2028 351 2088 Est
366 2039 396 2088 et
410 2027 460 2088 nbi
472 2028 592 2104 languet
602 2025 676 2084 adeo
689 2024 730 2082 vis
744 2027 912 2103 nrxmral,
922 2034 954 2083 ut
968 2023 1054 2104 plane
1068 2044 1240 2086 evanescere

162 2109 304 2178 uideatur,
317 2110 362 2168 vel
373 2111 469 2188 potius
482 2113 615 2178 βιβιίυσις
630 2117 660 2164 et
674 2114 821 2184 ποχασμὶς
835 2107 872 2164 ad
885 2107 944 2166 duo
956 2105 1069 2166 diversa
1082 2107 1182 2166 referri
1191 2109 1240 2167 de·

164 2189 266 2259 beant;
285 2191 352 2270 [ubi
366 2189 430 2254 lixa
439 2187 614 2247 Germanice
622 2186 766 2245 redditur:
780 2187 1131 2268 doch,docltgeniss,doclr
1140 2190 1242 2249 ncne-

162 2268 247 2346 tien]
259 2270 449 2330 Manifestum
463 2269 519 2327 boc
528 2280 571 2327 est
581 2269 610 2326 in
623 2268 718 2326 verbis
732 2267 867 2346 Apostoli
881 2267 920 2327 ad
933 2269 1076 2328 Hebraeos
1090 2270 1242 2330 scribentis

162 2369 227 2430 cap.
245 2351 285 2408 11.
300 2371 403 2409 comm.
421 2355 466 2411 16.
482 2355 521 2410 Ου’
533 2354 586 2443 quiq
599 2349 664 2414 lin
678 2351 793 2423 ὶγγέλυν
807 2351 1019 2428 ἔπιλιιμβιίνιται.
1041 2352 1118 2410 Nam
1128 2351 1242 2432 angelo-t

162 2434 258 2511 ntique
271 2453 326 2491 non
341 2433 447 2512 recipit.
488 2430 549 2488 Hic
563 2449 587 2488 sr
602 2430 778 2490 Particularn
793 2431 1019 2508 conjecturalem
1039 2459 1076 2494 aa
1096 2432 1153 2490 vim
1166 2430 1240 2498 ribi

161 2511 342 2590 aliquatenus
361 2512 529 2570 imminuere
551 2507 690 2584 dicamus,
704 2511 849 2570 videbitur
866 2511 1022 2590 Apostolus
1048 2511 1140 2572 darei
1154 2514 1240 2572 certi·

161 2591 263 2652 tudine
275 2593 490 2672 quodammodo
501 2592 647 2662 dubitare;
669 2593 748 2671 quod
761 2593 845 2652 absit.
867 2595 939 2660 Quis
946 2593 1044 2672 itaque
1055 2599 1088 2654 ri
1101 2599 1242 2674 πιχημέ

160 2673 332 2753 relinquitur
345 2674 443 2735 locus?
466 2673 527 2732 Hic
538 2674 706 2733 referendus
719 2686 764 2733 est
777 2674 815 2734 ad
836 2693 894 2742 eos,
910 2694 983 2753 quos
997 2673 1105 2734 Paulus
1118 2675 1240 2754 alloqui-

121 2769 128 2784 ·
158 2765 219 2824 tur;
240 2777 268 2834 q.
283 2757 311 2814 d.
333 2757 465 2836 Profecto
479 2777 534 2814 non
548 2757 645 2835 recipit
659 2755 781 2836 angelos,
796 2757 871 2835 qnod
883 2776 930 2814 oos
940 2757 1035 2836 ntique
1049 2778 1104 2816 non
1124 2757 1241 2837 ignoro-

159 2837 206 2894 tis.
247 2838 365 2898 Utimur
378 2857 449 2915 ergo
463 2836 609 2896 Particula
622 2835 697 2911 lisa,
713 2837 894 2915 quumsimul
908 2836 1017 2916 aliquid
1030 2855 1235 2909 asseveramus,

158 2929 190 2976 et
213 2919 330 2978 alterius
351 2939 437 2998 super
458 2939 493 2978 eo
514 2919 687 2976 sententiam
709 2917 939 2978 consentientem
969 2918 1074 2980 elicere
1096 2919 1238 2979 volumus.

158 2999 350 3080 Nequaquam
371 3001 458 3079 igitur
478 3000 527 3058 hic
547 2999 725 3058 imminuitur
745 2999 787 3058 vis
806 2998 1001 3068 asseverandir
1035 2999 1093 3058 imo
1113 3011 1239 3062 testatur

156 3079 223 3145 lire
243 3084 352 3142 animos
372 3082 528 3161 proposita
540 3081 668 3140 veritatis
690 3081 830 3140 conscios.
875 3079 944 3160 [Sic
965 3081 1100 3159 Apostoli
1120 3081 1232 3142 dictum

156 3161 332 3222 Germanice
348 3164 451 3223 reddas
465 3163 547 3223 licet:
569 3166 655 3223 Denn
670 3185 702 3222 er
715 3163 797 3222 nnhm
811 3161 868 3222 siclt
880 3184 918 3242 ja
933 3163 1002 3221 dosii
1017 3161 1092 3220 nicht
1108 3163 1160 3222 der
1172 3165 1236 3223 En-

150 3239 204 3321 grl
215 3246 282 3318 orn]
303 3245 351 3302 Sic
365 3257 396 3307 et
409 3257 521 3305 veteres
535 3245 648 3304 locutos
661 3244 758 3314 fuisse,
774 3243 889 3302 abunde
908 3243 1009 3321 liquet,
1030 3253 1062 3302 ut
1081 3244 1160 3322 apud
1173 3245 1236 3304 De·

153 3322 260 3380 monh.
281 3344 334 3402 pro
349 3329 416 3386 Cor.
427 3347 493 3407 pag.
507 3332 576 3387 315.
590 3327 640 3384 lin.
651 3331 701 3386 51.
722 3333 754 3386 Ei
765 3331 817 3408 *frig
830 3324 893 3385 eirnt'
903 3353 958 3385 earn
971 3323 1050 3391 donetis
1060 3330 1094 3384 ml
1108 3329 1230 3401 pedi-sm

152 3405 174 3462 ἓν
188 3402 270 3470 rtt'ross
284 3406 440 3484 ἀδικήματα,
455 3407 506 3469 iilis
521 3411 570 3468 im
585 3405 650 3472 brim
663 3414 723 3490 regie
739 3407 787 3484 ipsi.
817 3407 904 3476 Nam,
919 3407 943 3464 Si
956 3403 1000 3464 ved
1013 3405 1130 3464 maxime
1143 3409 1172 3465 in
1186 3407 1229 3466 dtis

148 3492 292 3564 peceatum
308 3491 515 3560 eruendorum,
529 3490 579 3548 lroc
593 3490 687 3568 utiquc
700 3489 740 3546 ad
746 3507 788 3545 rne
801 3485 874 3546 nibil
881 3487 1015 3567 pertinet.
1029 3487 1079 3544 ubi
1092 3494 1121 3546 sl
1136 3515 1173 3548 rra
1193 3487 1230 3549 de

152 3569 363 3626 asseveratione
383 3576 415 3630 τέ
435 3570 462 3634 ll
484 3571 554 3628 nihil
568 3570 701 3647 derogem
723 3587 788 3626 narn
809 3567 865 3626 boc
879 3569 940 3646 agit
954 3569 1070 3636 Orator,
1086 3579 1119 3626 ut
1133 3579 1232 3627 ostan-

150 3648 212 3720 dat,
234 3649 370 3730 quicquid
384 3655 445 3729 ejus
465 3652 507 3710 rei
526 3651 634 3710 factum
649 3650 694 3716 sit,
717 3650 803 3728 culpa
822 3667 880 3708 non
901 3649 1010 3709 iactum
1024 3668 1086 3708 esse
1102 3669 1166 3718 sua;
1185 3649 1231 3706 id-

152 3751 209 3811 que
229 3731 350 3791 sffirmat
370 3751 426 3812 ope
446 3732 600 3791 Particulae
620 3729 659 3800 ll,
680 3731 753 3788 adeo
768 3741 801 3788 ut
814 3757 852 3791 aa
870 3730 919 3788 vix
939 3730 1071 3789 videatur
1091 3757 1233 3810 arowa-

149 3819 191 3872 xlr
210 3815 262 3874 sed
283 3813 370 3892 ipsius
390 3813 514 3872 officium
534 3833 597 3872 esse
616 3811 833 3871 affirmationem
853 3811 915 3871 aliis
942 3811 1023 3890 quasi
1044 3823 1231 3891 extorquere.

151 3893 223 3952 Tale
238 3909 282 3955 est
295 3895 367 3954 illud
381 3894 507 3953 Platonis
529 3895 558 3952 in
574 3893 661 3974 Apol.
683 3893 765 3952 Socr.
786 3913 852 3972 pag.
872 3897 920 3952 20.
943 3894 973 3950 in
997 3891 1047 3950 fin.
1067 3898 1231 3976 eratenim

147 3980 200 4056 pig
221 3978 273 4038 im
287 3977 361 4043 lire.
404 3977 501 4036 Nostis
515 3977 609 4057 ntique
626 3975 863 4056 Chaerepliontem.
878 3974 927 4032 ubi
941 3973 1021 4031 nullo
1041 3971 1130 4032 modo
1145 3985 1228 4032 exte-

147 4057 230 4114 nuari
244 4057 463 4118 asseverationis
475 4057 532 4116 vim
546 4057 646 4137 liquet,
668 4077 745 4126 cum,
767 4051 868 4134 paucis
887 4053 1056 4133 interjectis,
1072 4055 1128 4112 ait:
1159 4055 1231 4115 ''tm

146 4135 188 4207 bl,
203 4137 248 4204 olor
262 4138 287 4202 dr
300 4155 350 4200 Xon
366 4143 476 4214 sodada
491 4139 595 4222 wilgis
611 4140 647 4211 ἐφ’
667 4144 679 4198 ‘o'
699 4167 723 4199 ri
745 4141 861 4220 ignirent.
905 4134 1228 4230 Nomentanumque&

146 4225 216 4276 esset
233 4171 416 4301 Ciaereplon,
431 4232 458 4281 et
473 4242 553 4302 quom
567 4219 708 4280 aedoneus
733 4227 846 4289 notarri,
867 4237 927 4276 cunr
947 4214 1068 4296 alicrp'us
1081 4217 1126 4276 rei
1139 4237 1226 4298 irnpe-

145 4307 190 4356 tnr
202 4319 263 4356 enm
276 4313 395 4382 eperat
428 4303 504 4370 Nam
518 4321 585 4362 cum
599 4304 691 4378 majus
704 4309 848 4361 asseveret
860 4315 941 4357 mera
954 4296 1103 4356 Particula
1115 4295 1157 4369 tt,
1171 4316 1227 4356 cur

144 4380 303 4460 composita
313 4380 379 4449 nn
392 4383 429 4446 de
442 4385 546 4446 minori
559 4381 719 4445 dubitaret?
744 4379 775 4440 Si
789 4379 866 4440 eninr
886 4378 1045 4439 noscebant
1059 4377 1225 4464 Athenien·¹
