2650 4796
584 235 658 286 τοι.
1046 207 1059 304 J
1089 231 1150 290 sos

74 396 142 458 ratis
161 396 317 466 nonnullis,
339 394 380 468 id,
398 395 477 475 quod
496 394 622 454 maxime
641 394 672 452 in
685 405 748 454 tota
766 397 932 456 narratione
950 397 1084 470 innuunt,
1105 398 1148 456 in·

74 479 208 540 choaturi
221 491 298 550 sunt,
313 489 346 538 ut
359 477 448 557 possit
461 475 541 556 quasi
555 495 661 548 norunt
675 477 738 554 ejus
751 477 841 555 partis
854 478 952 538 haberi
966 479 1147 560 principium.

73 561 110 618 ln
123 560 244 620 historia
257 559 420 620 charitonis
444 569 474 616 et
488 557 650 636 Melanippi
669 557 791 636 legimus
810 559 889 638 apud
909 559 969 618 AEl.
989 561 1025 624 .V.
1044 561 1085 622 ll.
1098 561 1148 622 lib.

70 641 115 700 ll.
129 659 194 720 cap.
204 649 234 701 l.
249 640 446 711 Charitonem,
460 650 613 718 postquam
623 639 807 700 intellexerat
821 639 983 720 Melanippi
997 643 1149 702 consilium

69 721 228 783 occidendi
251 734 414 802 tyrannum,
436 720 622 800 persuasisse,
645 729 679 780 ut
691 721 874 780 commodum
895 726 958 780 e'us
978 723 1019 781 rei
1034 737 1149 803 tempus

72 813 269 883 exspectaret.
302 801 389 869 Quod
402 801 454 861 nbi
473 813 664 882 persuaserat,
685 802 727 860 sic
740 803 835 881 pergit
855 822 910 866 auc
944 823 970 862 r:
991 805 1050 878 'sp'
1071 811 1151 868 taven

69 888 148 946 «dms
161 890 174 946 i
187 888 299 967 Χιςίτννν
318 885 476 962 lisaniam
496 891 524 944 ri
548 891 601 944 mis
624 885 747 962 τόλμημα
760 917 842 932 --
854 885 955 966 rigatis-s
974 886 1019 945 iri
1042 894 1081 946 ris
1104 887 1150 946 ri·

69 965 159 1050 psam
200 965 265 1026 Etsi
291 965 339 1024 hic
363 983 432 1024 nsua
455 965 485 1022 ia
499 958 619 1024 'diversa
638 966 709 1037 abit,
734 975 862 1044 potestas
881 979 978 1024 tamen
999 966 1149 1045 utriusque
1269 1017 1271 1022 .

70 1046 231 1128 particum
245 1066 312 1126 quse
323 1046 431 1108 format
444 1046 637 1126 compositum
653 1050 739 1114 τοίνυν,
755 1045 862 1106 servari
876 1047 1028 1106 commode
1040 1058 1146 1126 potest.

69 1129 210 1188 Chariton
223 1129 312 1201 enim,
326 1138 480 1207 postquam
495 1127 696 1206 Melanippum
710 1127 740 1185 in
753 1145 837 1188 suana
849 1127 1026 1205 perduxerat
1033 1139 1149 1188 senten-

67 1209 253 1282 tiam,÷HAC
270 1209 327 1267 RE
352 1209 398 1291 (b.
412 1207 507 1289 emi)
530 1219 667 1288 tanquam
681 1209 850 1280 instructus,
871 1207 988 1270 NUNC
1014 1209 1084 1291 (νῦν)
1108 1209 1148 1281 id,

67 1291 147 1372 quod
160 1289 322 1368 cogitabat,
336 1287 514 1368 exsequitur.
1148 1347 1150 1354 Α

68 1497 74 1510 .
110 1457 196 1518 XIV.
223 1455 337 1516 Tertius
351 1473 419 1514 usus
432 1467 477 1516 est
489 1464 671 1532 μννιβιτνιὶς,
687 1461 755 1513 c'um
768 1477 827 1515 non
846 1458 908 1536 ipsa
920 1459 1038 1538 quidam
1059 1463 1149 1527 eisaie

70 1536 249 1596 transitionis
261 1547 332 1596 nota
340 1545 396 1607 est,
406 1534 458 1595 sed
467 1547 610 1614 quatenus
620 1534 745 1613 priorem
758 1548 870 1613 partem
883 1539 1002 1611 claudit,
1017 1551 1051 1598 ut
1069 1557 1149 1600 cam·

71 1617 188 1678 modam
201 1628 283 1696 paret
296 1615 551 1694 transgressionem
568 1615 606 1675 ad
619 1614 749 1674 alteram.
769 1616 816 1676 Ita
826 1619 870 1694 μὴ
883 1623 960 1679 πίνω
968 1620 1082 1680 invenio
1096 1641 1150 1699 pro

69 1701 115 1777 pair
127 1697 156 1762 ν’,
164 1699 300 1778 positum,
311 1716 434 1777 quorum
444 1695 573 1775 quamvis
586 1696 733 1756 dissimilis
746 1696 783 1756 sit
792 1709 930 1776 potestas,
944 1699 1042 1766 similis
1051 1695 1150 1762 tamen

70 1799 141 1840 usus
154 1792 208 1839 cst.
236 1780 284 1838 Ita
293 1777 466 1838 Aristoteles
476 1777 525 1836 lib.
534 1779 561 1836 l.
571 1779 608 1837 de
620 1778 697 1857 Rsp.
705 1779 884 1856 quassantia
897 1779 966 1839 artis
976 1781 1035 1841 duo
1048 1783 1151 1842 statuit

69 1879 191 1941 genera,
205 1860 329 1920 alterum
342 1859 482 1930 naturale,
494 1859 618 1918 alterum
627 1857 792 1919 artificiale.
813 1859 948 1920 Alterrun
957 1861 1078 1922 absolvit
1086 1857 1150 1943 cap.

67 1947 99 2002 8.
108 1941 188 2021 quod
200 1943 242 2002 its
255 1939 416 2002 concludit:
432 1941 497 2000 ’Ὅτι
510 1943 555 2018 pair
570 1943 645 2002 τοίνυν
659 1943 710 2002 ieri
724 1945 827 2005 ammi
837 1945 907 2002 md
915 1942 990 2014 φίνννν
999 1950 1049 2011 τοῖς
1063 1947 1152 2004 sineri·

68 2049 135 2100 μννς,
151 2029 198 2084 ui
210 2031 261 2091 τοῖς
280 2029 431 2090 amissis,
446 2028 491 2082 ui
504 2019 537 2080 'a'
549 2020 577 2091 iis
590 2023 685 2094 ννέτῖκν,
698 2019 780 2087 dilen
819 2023 888 2082 Jnm
901 2041 978 2094 nero,
992 2043 1051 2084 etse
1063 2034 1153 2084 artem

66 2105 272 2184 quaestuariam
286 2114 400 2164 natsrae
412 2123 565 2183 congruam
581 2101 628 2174 iis,
642 2103 763 2182 quirem
782 2101 970 2176 domesticam,
984 2105 1075 2186 etqui
1093 2126 1153 2166 rem

62 2182 208 2266 prsdlicam
218 2185 430 2256 administrent,
444 2194 472 2243 et
485 2204 541 2264 quo
555 2183 591 2242 de
604 2203 699 2256 cnam,
714 2183 961 2262 exsuperioribus
975 2186 1153 2265 maafistam

64 2274 116 2326 est.
146 2265 236 2324 -Tsun
251 2265 363 2325 transit
387 2283 451 2344 cap.
475 2272 505 2326 9.
519 2265 557 2324 ad
570 2283 664 2343 genus
688 2263 850 2328 artificiale:
863 2265 942 2327 “nna
955 2266 1059 2340 lipia«
1082 2268 1154 2329 alan·

65 2355 194 2415 κτηταῖς.
225 2345 369 2426 Imprimis
382 2346 537 2406 adhibetur
546 2350 633 2414 τοίνυν,
656 2347 735 2405 ubia
750 2345 825 2404 thesi
838 2345 876 2405 ad
886 2340 1061 2426 hypothesin
1075 2360 1154 2408 tran-

66 2429 154 2499 situr,
168 2438 203 2486 ut
223 2446 290 2486 erun
310 2427 525 2486 Demosthenes
545 2445 599 2506 pro
620 2427 688 2487 Cor.
708 2445 776 2506 pag.
800 2432 871 2488 880.
889 2439 965 2488 extr.
986 2430 1155 2490 ostenderat

68 2508 229 2568 discrimen
243 2509 319 2567 inter
332 2508 546 2567 accusationem
559 2518 591 2566 et
604 2507 788 2586 calumniam,
812 2527 873 2568 rem
889 2509 1024 2570 AEschini
1037 2529 1153 2572 accom-

68 2589 204 2660 modans,
227 2600 257 2647 ct
278 2599 456 2660 ostensurus,
478 2606 546 2646 eum
565 2605 629 2647 esse
650 2588 898 2665 calumniatorem,
920 2591 963 2652 sic
982 2591 1037 2651 ait:
1059 2603 1153 2656 Tanta

65 2674 149 2732 τοίνυν
162 2669 229 2738 stile
243 2672 364 2748 Ais-giras
383 2666 435 2728 tlh
454 2667 529 2740 νῖντνν
549 2669 599 2747 ips?
616 2669 751 2747 πνμπνίνννν
770 2676 827 2729 sissi
844 2675 879 2731 ss*
900 2680 1044 2757 νννννννγνςνῖν
1063 2673 1152 2735 si‘nsrs.

69 2753 142 2813 dam
157 2771 223 2812 nero
236 2771 298 2812 carn
308 2750 369 2810 dcco
382 2770 437 2810 aon
448 2749 552 2822 minus,
566 2769 650 2831 quom
663 2770 726 2831 ego,
736 2749 820 2810 eires
827 2750 987 2827 AEsthinss,
1000 2755 1154 2816 conmeinra'

71 2831 185 2906 moluit,
198 2853 282 2915 psam
296 2851 436 2892 sommare.

111 3000 180 3060 XV.
205 2999 332 3070 Quartus
345 3019 414 3060 usus
427 3011 472 3060 est
483 3005 736 3096 eapsmpeeperulq,
752 2999 835 3080 isque
847 2999 968 3080 duplex,
979 3001 1025 3060 vel
1039 3000 1156 3080 qnando

71 3085 166 3151 irael,
180 3100 219 3142 ex
233 3081 429 3160 superioribus
450 3082 610 3155 concludat,
630 3081 676 3140 vel
698 3101 765 3139 cum
785 3081 924 3140 illatione.
965 3081 1082 3142 Prion's
1102 3101 1154 3141 ex-

72 3163 202 3244 emplum
224 3173 270 3222 est
293 3161 372 3242 apud
392 3162 513 3222 Lucina.
537 3163 601 3222 libr.
625 3162 703 3222 Λᾶν.
727 3161 843 3222 Indoct.
867 3181 954 3241 quem
978 3181 1094 3224 omnem
1115 3164 1156 3223 ita

71 3243 195 3304 claudit:
216 3250 268 3306 Kal
289 3247 321 3305 ri·
334 3247 412 3306 τοίνυν
432 3243 509 3324 ἶν’λλνν
522 3242 627 3309 belim
647 3248 765 3327 mirans
785 3242 817 3305 al·
830 3248 866 3304 sni
878 3247 982 3314 βιβλία,
1007 3225 1170 3328 mirasse)

72 3324 96 3385 δ’
108 3329 183 3393 airh
199 3323 381 3386 insititiam.
426 3325 497 3404 Quat
511 3347 571 3384 cum
586 3327 627 3384 ito
641 3334 718 3397 sant,
728 3329 795 3406 jam
808 3335 841 3385 ta
854 3324 906 3385 alii
915 3329 1025 3407 petenti
1037 3347 1154 3388 omnmo-

73 3405 145 3466 dare
158 3404 245 3466 libros
253 3409 356 3486 possin
373 3407 434 3488 ipse
447 3407 491 3466 ati
503 3427 558 3466 aon
568 3405 670 3488 postia.
712 3406 850 3466 Similiter
866 3407 1025 3486 Apostolus
1047 3407 1155 3469 Paulus

70 3507 116 3566 pr.
135 3487 174 3548 ad
188 3488 257 3548 Cor.
271 3507 317 3566 ep.
333 3506 396 3568 cap.
417 3488 472 3547 IX.
493 3507 598 3548 comm.
619 3491 669 3548 26.
690 3488 944 3568 comparationem,
965 3509 1051 3567 quam
1073 3491 1153 3549 insti.

72 3580 170 3630 tuerat
184 3569 261 3628 inter
274 3569 341 3628 vitae
361 3568 448 3648 hujus
462 3569 575 3629 labores
596 3581 626 3629 et
639 3568 764 3629 stadium
779 3570 960 3642 Graecorum,
981 3571 1022 3630 ita
1035 3571 1155 3630 conclu·

71 3650 129 3710 dit:
151 3653 220 3725 ’neb
233 3653 310 3712 stitus
323 3649 376 3713 ἕνα
389 3651 480 3733 spinas,
495 3653 526 3719 ἇς
536 3653 569 3712 ἔνι
582 3649 688 3718 &him
701 3651 755 3714 sisu
769 3652 893 3721 mis,
908 3654 938 3718 ν’νς
953 3655 988 3710 ds
1000 3653 1060 3733 diga
1074 3649 1153 3735 xeos.

73 3734 144 3793 Jam
157 3753 223 3793 nero
236 3751 289 3812 ego
309 3733 351 3791 ito
364 3751 459 3803 cano,
480 3741 510 3792 at
531 3753 586 3796 noa
607 3734 638 3792 ν’νν
657 3733 812 3792 incertum:
832 3733 874 3791 ito
890 3731 1017 3813 pugilem
1037 3751 1103 3810 ago,
1124 3745 1154 3791 at

73 3835 130 3872 non
142 3817 212 3876 e'e‘ra
225 3813 385 3874 verbenas.
433 3812 483 3872 Vel
494 3811 600 3872 illative
621 3812 780 3885 concludit,
793 3824 834 3872 -ut
847 3813 909 3895 elga,
932 3832 970 3871 ex
991 3811 1155 3890 praemissis,

74 3905 119 3966 ut,
133 3913 199 3954 erun
213 3893 292 3974 apud
307 3894 459 3974 Aristoph.
478 3895 508 3952 in
524 3895 601 3953 Plut.
617 3894 805 3972 Sycophanta
824 3895 958 3952 miseram
978 3911 1076 3951 rerum
1090 3912 1155 3952 sua·

72 3993 137 4034 rum
151 3987 257 4034 sortem
272 3975 454 4056 deplorante,
474 3988 559 4055 rogat
579 3975 666 4034 Cario
684 3993 809 4036 causam.
851 3969 1023 4052 Respondet
1042 3974 1061 4034 J
1065 3985 1155 4046 ustus,

73 4055 166 4198 prerpli
178 4055 545 4200 i⁰mi¹¹gm·³dimi'5⁶⁸‡d
557 4055 613 4116 sibi
627 4055 717 4116 videri
737 4075 800 4118 esse
813 4053 945 4135 pessime
967 4067 1056 4120 note:
1079 4057 1155 4124 unda

72 4157 131 4198 oon
163 4155 182 4196 u
202 4155 254 4197 ans
293 4157 354 4198 ano
367 4153 407 4198 art
420 4159 449 4198 ν.
524 4181 532 4197 .

69 4355 72 4369 .
153 4308 194 4369 lli
208 4305 269 4372 Asis,
281 4307 366 4369 νωλῧς
380 4306 457 4365 τνίνννν
469 4303 631 4370 delatam.
