2880 4804
733 10 782 78 ,β’

722 209 752 272 iv

221 410 287 462 nes,
301 386 350 449 ubi
367 383 465 446 Latini
485 384 542 444 nisi
556 383 668 454 dieunt,
682 381 722 444 ibi
741 400 856 462 semper
876 399 1017 462 reponere
1041 383 1104 444 ἀλλ’
1118 383 1142 450 t.
1184 384 1254 444 Non

221 473 300 533 enim
308 471 416 546 ubique
429 466 531 526 eadem
539 463 676 546 loquendi
685 464 758 524 ratio
769 475 830 534 est;
844 465 914 524 utin
923 465 986 523 his:
1005 463 1097 524 Multi
1109 466 1139 524 in
1148 465 1254 525 bonore

210 558 327 636 starent,
342 550 398 610 uisi
411 548 563 608 immodicis
576 547 684 606 diuitiis
697 555 787 606 essent
800 548 935 628 corrupti.
979 543 1097 608 Graeces
1120 554 1216 608 nuntii
1232 549 1253 607 iv

220 635 315 709 ridetis!
328 633 441 697 iriinrorr
451 629 492 702 it,
501 637 519 690 ti
529 633 602 710 petiti
611 627 793 711 ὗπςβαλλέσῃ
803 631 904 711 tingis
913 625 1086 709 dud-Qatnu
1102 628 1256 688 Ridiculus

225 715 274 788 sit,
288 713 338 793 qui
347 713 457 792 hicpro
469 719 487 772 rt
496 717 531 790 pi
545 721 667 789 reponat
677 711 741 770 ἄλλ’
755 710 777 775 t.
792 709 852 768 Sed
861 711 885 768 si
893 711 956 770 ἀλλ’
968 707 984 779 ἢ
994 709 1132 770 reddatur
1142 707 1255 780 sedvel,

225 794 380 876 quadrabit
394 793 527 852 omnibus
538 791 662 864 casibus,
676 790 806 870 quamvis
819 809 878 850 non
892 793 942 864 ito,
952 803 986 850 ut
998 791 1170 852 Latinorum
1185 809 1255 850 con·

224 876 373 938 suetudini
384 895 498 954 semper
509 872 677 942 conveniat;
692 874 734 932 sic
745 885 854 945 tamen,
866 885 899 932 ut
909 873 951 932 vis
963 873 1091 955 διἰφοςαὺ
1101 884 1132 932 et
1140 871 1258 951 ὶιιζωκ-

227 965 284 1024 eort
292 957 401 1037 ubique
410 955 583 1016 dominetur.
602 956 700 1020 Quare
710 965 885 1036 potestatam
896 955 1102 1034 notionemque
1112 954 1258 1033 propriam

229 1040 443 1120 genuinamque
456 1037 572 1118 appello
587 1055 663 1108 earn,
676 1057 742 1116 qnae
755 1056 807 1116 per
821 1055 921 1096 omnes
935 1057 1004 1096 usus
1017 1036 1193 1107 dominatur,
1206 1053 1259 1092 ne·

228 1142 288 1202 que
316 1139 444 1200 unquam
468 1138 584 1199 prorsus
633 1117 697 1178 erit.
745 1118 902 1197 Nunquam
924 1117 1076 1197 particule
1107 1118 1149 1176 ita
1174 1135 1257 1175 suam

229 1214 344 1262 exuunt
356 1212 501 1274 naturam,
515 1213 548 1260 nt
562 1139 673 1258 nulium
687 1200 839 1279 potestatis
852 1199 986 1278 genuine
999 1199 1152 1279 vestigium
1173 1197 1259 1256 relin·
1279 1197 1283 1208 '

231 1293 333 1364 quant.
375 1285 424 1341 Ab
438 1283 494 1342 hac
514 1281 682 1342 dominante
701 1281 908 1360 particularum
928 1291 1074 1360 potestate
1093 1299 1153 1338 nnn
1172 1278 1259 1338 facile

230 1363 439 1437 recedendum,
449 1374 624 1426 nectemere
633 1361 672 1422 ad
681 1364 863 1442 peregrinam
871 1363 1020 1422 notionem
1030 1361 1260 1439 confugiendum

229 1466 348 1518 censeo,
369 1444 422 1504 nisi
443 1447 565 1524 jubente
588 1443 773 1511 necessitates
803 1462 898 1522 neque
917 1442 1063 1502 suffecerit
1084 1443 1133 1500 illa
1158 1457 1259 1514 causa

231 1529 311 1608 quod
324 1527 425 1587 alienae
438 1527 545 1605 lingute
565 1543 696 1604 congrua
715 1525 916 1604 interpretatio
934 1527 1083 1604 probetur.
1126 1523 1203 1582 Nam
1217 1523 1259 1582 sic

231 1607 431 1704 multiplicatae
444 1605 650 1688 parricidarum
664 1617 822 1685 potestates
835 1605 1034 1684 dependerent
1048 1624 1066 1664 a
1078 1603 1163 1662 variis
1176 1605 1258 1682 inge-

232 1691 288 1750 niis
305 1691 480 1768 linguarum,
501 1689 530 1745 in
550 1707 622 1766 quas
642 1687 893 1758 transfunduntur,
913 1686 992 1768 quod
1011 1685 1178 1746 absurdum.
1220 1685 1261 1745 Et

232 1773 290 1834 hac
302 1769 421 1851 quidem
434 1772 464 1830 in
478 1789 510 1828 re
523 1769 646 1828 multum
660 1779 858 1848 peccaverunt
869 1768 1049 1846 grammatici
1069 1777 1100 1825 et
1113 1776 1260 1826 enarrato-

234 1872 290 1914 res.
332 1852 382 1912 Sic
395 1849 549 1912 nonnullos
563 1869 601 1908 ex
615 1849 774 1930 Tryphone
787 1849 907 1926 triginta
926 1849 1152 1926 significationes
1172 1847 1261 1927 parti-

236 1935 349 2002 cnlaeu'r
359 1934 514 2004 effinxisse,
525 1930 596 1990 dicit
606 1931 648 1988 H.
660 1929 837 2008 Stephanuss
858 1947 979 2006 quarum
990 1941 1087 1990 tamen
1097 1931 1260 2009 plerasque,

236 2015 282 2075 vel
296 2015 406 2074 alienas
426 2033 489 2074 esse
508 2029 634 2090 prorsus,
648 2010 695 2070 vel
708 2009 860 2089 exemplis,
880 2011 918 2068 ab
938 2009 972 2070 iis
991 2011 1259 2090 significationibus,

235 2117 300 2178 quae
313 2094 441 2176 alioquin
456 2105 545 2152 certoe
558 2102 637 2163 sunt,
651 2091 874 2151 abhorrentibus
887 2095 1034 2170 probatas,
1043 2093 1088 2152 vel
1097 2091 1171 2152 adeo
1185 2093 1262 2152 inter

234 2197 266 2238 se
280 2176 388 2249 affines,
402 2187 436 2234 ut
449 2193 488 2234 ex
502 2189 561 2233 una
572 2171 670 2252 plures
682 2174 769 2232 factoe
782 2173 850 2245 sint,
865 2173 1005 2244 ostendit;
1025 2175 1071 2234 vel
1080 2175 1136 2234 illis
1150 2173 1260 2253 signifi-

234 2256 365 2316 cationes
378 2255 502 2316 tributas
514 2265 623 2328 narrat,
637 2273 759 2334 quarum
772 2274 811 2314 ne
825 2257 956 2316 umbram
971 2256 1088 2336 quidem
1101 2274 1262 2334 agnoscere

233 2337 386 2418 ,quisquam
410 2337 499 2416 possit
525 2337 557 2396 in
579 2337 624 2408 iis,
651 2357 717 2416 quae
743 2338 970 2415 subjunguntur,
993 2339 1144 2419 exemplis.
1185 2338 1262 2398 Haec

234 2419 489 2499 grammaticorum
503 2418 658 2478 immodice
670 2418 836 2498 vagantium
850 2420 1033 2480 consuetudo
1046 2431 1100 2480 est.
1142 2418 1208 2498 Ego
1222 2439 1262 2479 ex

235 2501 371 2582 primaria
382 2519 418 2560 ac
431 2501 559 2578 genuina
570 2512 715 2582 potestate
728 2520 833 2561 novem
847 2500 975 2562 diversos
989 2522 1058 2561 usus
1068 2500 1187 2562 deduxi.
1230 2501 1261 2560 Si

235 2583 394 2662 genuinam
414 2593 590 2662 potestatem
613 2582 702 2642 semel
726 2593 807 2642 recte
830 2584 1019 2656 tenuerimus,
1043 2585 1073 2642 in
1096 2582 1262 2660 indagando

234 2665 442 2743 particularum
464 2661 559 2724 officio
574 2683 627 2722 usn
641 2675 672 2724 et
684 2663 817 2724 vertendi
832 2665 943 2724 ratione
956 2667 1051 2724 minus
1063 2665 1262 2742 peccabimus;

236 2745 269 2806 fit
284 2746 361 2804 enim
374 2765 432 2805 non
448 2764 523 2817 raro,
538 2757 571 2804 ut
585 2757 709 2826 quatuor
722 2745 836 2818 horum,
850 2747 1013 2824 potestatis,
1034 2745 1130 2817 officii,
1149 2763 1218 2804 usne
1232 2758 1262 2806 ct

236 2829 387 2900 versionis,
402 2825 565 2888 necessaria
577 2827 614 2885 sit
627 2826 784 2886 distinctio.
828 2827 907 2887 Talis
921 2841 965 2889 est
979 2834 991 2889 ι·
1004 2831 1108 2890 ἈΛΛΑ
1123 2826 1263 2906 rivium,

214 2916 215 2925 ’
237 2921 382 2990 potestate
396 2908 546 2992 disceptate,
560 2907 654 2968 officio
674 2916 834 2980 συναπτικὸς,
845 2929 899 2968 usu
910 2921 940 2970 et
953 2909 1164 2989 significatione
1176 2910 1263 2968 varin.

238 2989 289 3051 Sic
302 2990 340 3063 tt,
356 3001 402 3063 atr,
417 3003 447 3052 et
460 2994 537 3050 ru'rvs
551 2989 664 3048 diversa
676 3001 743 3048 sunt
757 3002 912 3069 potestate,
927 2991 978 3051 sed
992 3011 1068 3071 saepe
1079 3011 1263 3052 communem

235 3073 345 3133 habent
358 3093 442 3131 nsum
456 3071 690 3155 repausarent».
715 3071 803 3136 Quod
816 3073 854 3130 sd
867 3074 1013 3132 versiones
1022 3074 1137 3145 attinet,
1149 3083 1264 3134 constat

236 3173 469 3232 unamquamque
482 3152 654 3231 particulam
668 3171 757 3210 unum
772 3154 919 3232 quippiam
933 3167 1037 3215 natura
1049 3173 1102 3213 sua
1118 3154 1262 3232 significa·

237 3251 280 3306 re,
295 3253 360 3312 qnae
373 3235 432 3293 sive
446 3235 538 3306 notio,
552 3234 611 3292 sive
625 3244 752 3312 potestas
765 3247 896 3306 vocatur,
918 3237 948 3292 in
969 3236 1101 3294 omnibus
1120 3235 1192 3296 locis
1213 3255 1263 3316 ap·

237 3333 339 3394 parere
353 3316 456 3382 debet;
477 3326 506 3373 et
520 3314 704 3394 quantumvis
718 3334 753 3374 ea
772 3335 849 3394 saepe
869 3316 898 3374 in
918 3317 1033 3376 diversa
1045 3317 1124 3376 abire
1137 3317 1263 3390 videtur,

238 3407 348 3467 umen,
375 3398 400 3455 si
429 3415 491 3456 rem
522 3395 676 3476 diligenter
704 3395 881 3476 inspicimus,
904 3399 962 3456 rim
986 3419 1067 3460 suam
1090 3398 1264 3478 primitivam

238 3477 346 3556 ubique
360 3489 494 3546 exercens
515 3495 604 3556 quare
624 3477 798 3539 tutissimum
815 3490 860 3540 est
880 3480 907 3539 ei
921 3499 1007 3559 quem
1021 3480 1141 3538 fimiter
1149 3497 1265 3559 semper

238 3558 388 3618 inhaerere.
430 3558 489 3626 Qui
503 3579 573 3618 vero
587 3579 671 3618 usum
685 3571 799 3639 tanturn
812 3572 988 3639 spectantes,
999 3561 1154 3641 genuinam
1168 3561 1263 3619 notio·

239 3661 305 3700 nern
320 3659 422 3720 parum
436 3654 596 3714 morantur,
610 3661 687 3719 saepe
707 3641 811 3702 incerti
824 3653 976 3720 vagantur,
997 3655 1027 3702 et
1050 3641 1199 3722 particulis
1212 3641 1262 3701 ad-

239 3722 372 3782 scribunt
385 3721 449 3781 fere
462 3721 585 3782 totidem
609 3723 752 3794 notiones,
768 3737 839 3802 quot
859 3724 941 3796 locis,
962 3721 1011 3804 qui
1025 3723 1189 3803 legentibus
1212 3743 1262 3784 oc·

240 3815 372 3877 currunt,
381 3804 537 3862 convenire
550 3815 679 3883 possunt.
700 3805 781 3864 Hinc
791 3804 1074 3866 difficilisetincerts
1085 3805 1264 3865 discentibus

240 3885 337 3946 evadit
347 3885 552 3964 particularum
567 3885 705 3964 cognitio.
739 3887 788 3946 Sic
801 3887 1002 3970 particulavi<
1013 3887 1153 3946 rationem
1163 3887 1264 3960 infert,

240 3985 305 4044 quse
314 3967 528 4046 precedentem
536 3966 753 4028 affinnotionem
762 3969 809 4028 vel
820 3969 1005 4048 negationem
1014 3967 1132 4030 stabilit.
1174 3969 1263 4028 Hanc

239 4066 320 4106 ruam
334 4050 547 4128 vim‘nusquam
560 4069 620 4126 non
634 4061 765 4123 exercet,
776 4061 808 4110 et
821 4051 929 4110 nullam
943 4051 1027 4110 aliam
1048 4050 1077 4110 in
1091 4051 1198 4130 linguae
1219 4051 1262 4109 in-

241 4129 393 4190 cunabulis
405 4131 504 4204 fuisse,
518 4149 578 4192 non
591 4153 650 4196 una
663 4151 751 4193 catna
769 4143 825 4206 est,
846 4151 899 4194 cur
919 4134 1046 4196 credam.
1088 4133 1147 4196 Sed
1167 4143 1262 4192 tractu
