2880 4804
636 249 747 318 ui¹

65 467 69 480 ·
145 429 498 494 dicere-Ratiocinatur
518 429 596 489 eninr
612 426 765 490 exollicio
779 427 908 507 Hippia,
928 432 1013 507 cujus
1026 442 1090 490 erat
1109 431 1166 492 hoc
1233 420 1236 433 '

143 515 283 586 invenire,
298 515 321 573 si
336 524 424 582 essen
445 533 473 592 q.
487 510 516 570 d.
559 511 593 571 si
602 519 683 582 essct,
698 519 730 568 tu
742 510 866 579 dicens,-
888 519 919 588 ut
932 531 993 570 cam
1007 513 1168 574 nundinare

137 599 243 679 possis,
266 597 330 656 hinc
350 603 460 655 condat
480 615 536 653 non
558 613 624 652 esse.
667 591 739 651 Tale
761 603 806 650 est
828 591 887 659 llaec
907 589 1115 672 interrogativo
1137 605 1168 654 et

143 677 314 758 imperativo
321 676 484 755 praefixum,
494 673 574 754 quod
587 674 616 732 in
625 673 757 734 versione
767 673 874 732 Latina
887 675 993 754 itaque,
1007 696 1075 756 crgo
1086 675 1169 736 reddi

143 759 307 820 necessario
328 757 426 829 debet,
441 758 519 836 quod
540 758 580 815 ita
596 766 626 816 ut
640 768 709 816 ante
723 755 979 834 interrogationem
1000 768 1031 816 et
1044 757 1168 836 impera·

142 842 233 902 tivum
249 860 307 899 non
322 839 450 899 admittit
469 838 622 910 Latinitas,
643 850 677 896 ut
690 857 756 896 cunr
774 837 917 898 Aristides
936 837 1008 898 dicit
1021 857 1075 917 pro
1089 841 1168 905 Qua·

142 933 237 982 tuorv.
253 943 282 1002 p.
297 925 367 982 452.
384 919 445 990 aifre
458 927 509 988 πὸς
524 923 607 988 buius
621 921 727 980 iretis
741 926 783 986 ric
803 923 902 990 ussa,
925 921 973 978 ltu
988 929 1019 978 ut
1032 921 1182 1000 quomodo,

142 1002 242 1063 Latini
256 1023 314 1063 non
328 1015 445 1082 possent
459 1001 571 1070 dicere;
591 1001 704 1074 dicunt,
725 1001 860 1082 quomodo
874 1021 942 1084 crgo
955 1000 1018 1064 illos
1031 999 1169 1062 absolvor

144 1083 185 1145 Et
199 1085 359 1166 Sophocles
373 1086 401 1142 in
410 1084 527 1144 'Electa
543 1105 570 1142 v.
587 1087 673 1148 1175.

165 1297 167 1302 ,
264 1253 349 1313 Θνητέ
358 1248 473 1323 xivam
486 1253 591 1330 engle,
605 1247 742 1329 Ἠλὶιιτμ,
755 1248 848 1330 peiren·

262 1336 354 1397 Θνητὶς
369 1328 391 1390 d'
402 1331 527 1412 'Opissas'
540 1328 601 1396 s‘irrr
611 1333 647 1406 poi
661 1331 717 1388 λίαν
732 1331 802 1390 πίνει

264 1409 390 1470 Marsaci
403 1420 471 1470 nota
485 1413 514 1469 cs'
522 1421 619 1491 patre,
634 1408 760 1483 Electra,
774 1429 852 1490 sape,

263 1491 401 1554 Mortalis
415 1502 456 1552 est
469 1495 580 1552 Orestes
594 1511 697 1574 ergone
711 1491 826 1551 nimiam
836 1509 926 1570 geme.

142 1653 282 1720 Quamvis
301 1654 343 1714 ita
356 1653 479 1714 reddant
493 1653 602 1726 Latini,
623 1652 691 1732 quia
703 1653 788 1714 aliter
807 1662 967 1731 nequeunt,
987 1651 1057 1712 hinc
1070 1664 1169 1714 tamen
1218 1719 1220 1724 ,

141 1753 201 1793 non
212 1735 353 1814 sequitur,
366 1736 430 1796 illos
440 1755 537 1796 veram
547 1735 697 1814 particulae
718 1735 777 1804 alne
787 1744 962 1814 potestatem
975 1753 1011 1792 ac
1021 1734 1169 1794 notionem

141 1817 268 1894 usseqnh
289 1835 355 1876 nam
369 1819 465 1898 itaque
485 1829 514 1878 et
528 1839 595 1898 ergo
609 1827 677 1875 sunt
696 1821 867 1890 ιίτιολιγιιὲ,
890 1835 957 1874 curu
977 1814 1040 1875 olm
1053 1816 1091 1875 sit
1102 1825 1168 1876 atrro-

141 1905 288 1970 rrtmah,
303 1916 367 1976 quae
381 1899 461 1960 notio
475 1900 550 1976 perit
565 1899 691 1958 omnino.

185 1978 284 2056 Magis
297 1980 361 2038 haec
374 1980 494 2040 ferenda
513 1992 591 2050 sunt,
606 1979 673 2056 quia
687 1976 804 2037 tolerari
824 1975 944 2046 debent,
958 1993 1043 2053 quam
1064 1977 1167 2036 adurit·

142 2059 238 2118 tendae
251 2060 401 2138 particulae
415 2063 525 2118 otiosae.
568 2059 684 2118 Otiosas
697 2069 795 2118 autem
809 2056 965 2137 particulas
981 2075 1040 2116 non
1053 2057 1168 2136 appello

142 2159 191 2200 eas
215 2161 326 2212 omnes,
348 2161 412 2220 quae
433 2141 512 2198 salva
531 2149 686 2198 structurae
710 2137 821 2199 ratione
842 2139 943 2198 abesse
962 2151 1096 2216 possunt;
1116 2141 1168 2200 sed

143 2241 207 2300 quae
221 2221 283 2280 sine
303 2222 409 2279 damno
434 2231 464 2279 et
484 2219 573 2278 illaeso
596 2240 682 2280 sensu
707 2218 808 2280 abesse
831 2231 963 2298 possunt,
989 2239 1169 2300 quarumque

142 2301 265 2362 orationi
280 2301 451 2360 insertarum
466 2301 545 2360 nulla
578 2301 643 2360 lane
657 2303 731 2362 ratio
745 2313 799 2362 est.
843 2301 930 2362 Tales
943 2301 1022 2380 apud
1034 2303 1169 2382 antiquos

142 2393 276 2442 auctores
289 2383 388 2450 dicere
408 2383 502 2442 audeo
516 2321 609 2442 nuiss
629 2403 703 2444 esse.
744 2383 775 2444 Si
788 2383 849 2454 fiat,
864 2395 898 2443 ut
911 2383 1091 2461 adjectarum
1105 2385 1169 2444 nul-

141 2463 198 2521 lam
213 2463 354 2522 rationem
368 2465 438 2524 dare
451 2465 604 2544 possimus,
619 2465 647 2524 id
662 2476 768 2526 nostrae
781 2465 878 2545 potius
892 2465 1062 2544 ignorantis.²
1075 2467 1168 2546 impu·

142 2543 273 2616 tandum,
298 2545 411 2622 opinor,
435 2565 521 2626 quam
546 2546 652 2624 linguae
675 2547 754 2606 vitio.
807 2547 887 2613 Quid
910 2548 989 2606 enim
1012 2547 1091 2607 uliud
1113 2549 1169 2607 nisi

142 2625 243 2686 vitium
262 2625 369 2704 lingue
390 2637 445 2699 est,
466 2627 511 2685 vel
531 2628 684 2688 scribentis
708 2628 864 2700 insulsitas,
888 2628 913 2688 si
933 2627 997 2706 quis
1017 2630 1169 2690 sententias

139 2723 244 2766 vocem
266 2707 431 2787 interjiciat,
451 2707 516 2788 qriae
536 2709 607 2766 nihil
627 2729 745 2788 prorsus
764 2709 919 2786 significet,
941 2720 971 2765 et
990 2727 1108 2786 prorsus
1130 2711 1169 2770 sit

142 2787 266 2848 inutilis?
289 2789 377 2855 Quod
390 2790 414 2848 si
424 2789 568 2870 particula
579 2790 657 2850 salva
668 2789 804 2850 orationis
814 2799 961 2848 structura
971 2789 1057 2867 abjici
1067 2791 1168 2868 possit,

142 2888 201 2928 non
215 2870 312 2929 statim
327 2890 362 2931 ea
375 2871 499 2930 dicenda
512 2871 615 2944 otiosa,
629 2871 676 2930 vel
689 2871 846 2950 expletiva,
860 2889 939 2940 cum,
952 2869 1008 2930 hac
1022 2871 1168 2950 neglecta,

141 2963 243 3028 pereat
255 2951 301 3011 rel
315 2951 469 3032 emphasis,
484 2953 530 3012 vel
541 2951 740 3032 perspicuitas,
755 2971 841 3031 quam
855 2951 979 3011 orationi
991 2954 1168 3032 suppeditat,

142 3031 188 3089 vel
202 3033 294 3093 simile
308 3035 388 3114 quid,
408 3047 528 3114 propter
548 3033 627 3113 quod
640 3034 686 3093 vel
699 3033 825 3106 additur,
846 3033 892 3093 vel
906 3033 1061 3111 repetitum
1080 3047 1169 3115 atque

142 3113 183 3171 ita
196 3133 250 3173 suo
265 3135 379 3194 semper
392 3115 486 3176 officio
498 3116 635 3194 fungens,
649 3117 687 3174 ob
698 3115 728 3173 id
738 3115 832 3194 ipsum
843 3135 902 3185 non
912 3117 1051 3176 abundat.
1092 3117 1169 3178 Haec

143 3194 217 3253 ratio
237 3207 291 3265 est,
307 3215 396 3276 quare
407 3197 535 3276 ubique,
556 3208 697 3336 (loentum
717 3195 747 3254 id
760 3195 823 3256 fieri
836 3197 943 3276 potuit,
964 3217 1064 3257 arcere
1079 3218 1171 3260 coner

143 3274 250 3336 otiosas
263 3277 430 3356 particulas,
444 3297 516 3362 quas
528 3298 564 3338 ve
588 3279 702 3357 vulgus,
722 3277 769 3338 vel
782 3277 962 3340 eruditorum
976 3279 1082 3340 chorus
1096 3300 1169 3342 nou·

142 3375 292 3435 nunquam
318 3360 449 3442 raginam
472 3371 581 3419 censet
631 3360 695 3419 lmo
722 3359 892 3432 rationibus,
920 3359 1024 3440 quibus
1047 3363 1125 3422 ‘moti
1152 3383 1170 3424 a

142 3437 303 3506 Plutarcho
318 3439 489 3518 opusosdum
500 3441 537 3501 de
545 3441 605 3502 vita
618 3442 742 3502 Homeri
752 3441 929 3521 abjudicant,
943 3443 1079 3504 lubenter
1091 3445 1168 3504 hauc

141 3519 309 3598 adjicerem,
324 3521 403 3600 quod
415 3523 516 3582 scribit
529 3534 642 3596 auctor,
656 3525 693 3582 ab
708 3523 840 3583 Homero
852 3523 1009 3603 particulas
1029 3524 1168 3606 quasdam

142 3601 202 3664 suis
211 3603 341 3664 versibus
349 3623 557 3684 nonnunquam
567 3607 699 3678 insertas,
710 3603 813 3684 quibus
821 3617 958 3686 tanquam
969 3606 1168 3687 appeudiculis

142 3694 173 3743 et
195 3684 399 3746 additamentis
422 3685 564 3756 inanibus,
590 3687 736 3767 explendo
759 3697 885 3760 tamum,
904 3706 940 3748 ac
960 3689 1019 3747 suis
1039 3687 1167 3749 numeris

143 3767 320 3830 absolvendo
335 3767 455 3828 carmini
469 3769 634 3829 intertextis
648 3781 797 3830 utatur.—

185 3849 254 3908 Non
268 3869 327 3910 una
339 3869 378 3910 ex
392 3869 481 3910 causa
504 3851 678 3931 profluxisse
696 3850 812 3912 videtur
824 3852 889 3912 haec
904 3852 950 3912 de·
960 3849 1168 3932 particulorum

141 3927 319 3993 abundantia
341 3931 594 4010 grammaticorum
615 3943 728 3994 tantum
742 3953 801 3994 non
816 3933 977 3994 communis
997 3951 1168 4005 consensius

141 4011 192 4090 qui
216 4011 300 4072 simul
327 4033 362 4074 ac
387 4025 561 4094 presentem
581 4015 788 4096 particulorum
808 4017 866 4076 vim
881 4035 940 4096 non
960 4027 1167 4094 assequuntur,

140 4092 278 4171 neglecto
291 4095 401 4170 labore,
415 4113 450 4156 ac
461 4097 645 4176 diligentiore
659 4116 740 4170 cura,
750 4097 828 4158 illico
838 4097 1072 4158 uddecantstum
1086 4097 1167 4159 illum

140 4173 351 4256 pleonasmum,
364 4179 460 4241 mouri
473 4178 564 4260 magu
575 4198 661 4260 quam
674 4179 742 4256 tuti,
757 4178 940 4259 confugiunt.
981 4181 1056 4250 Quae
1069 4191 1167 4244 auteur

617 4303 633 4340 1
