2750 4810
603 179 644 226 ΓΕ
667 177 746 228 ΠΟΥ.
1150 168 1207 224 109

164 327 238 396 vn.
268 335 308 394 In
332 332 561 415 responsionibus
584 331 757 392 affirmativis
781 332 888 412 triplIci
911 333 1022 394 ratione
1043 332 1206 403 annum,

111 427 281 496 servetque
294 423 323 478 τὶ
337 444 367 490 u·
381 417 436 474 vim
445 413 597 487 limitandi,
611 425 640 474 et
648 411 676 478 is
690 413 895 474 concludendi.
936 415 978 474 Et
988 414 1081 494 primo
1094 413 1209 553 puidem

114 497 306 578 quandoque
319 495 431 556 edditur
444 495 570 574 siguum,
592 515 630 554 ex
644 515 701 574 quo
716 495 870 554 novissime
891 495 971 554 dicta
985 495 1092 554 conclu
1115 507 1209 553 untur.

116 580 176 640 Ita
190 579 270 658 apud
284 578 355 636 Plat.
375 577 423 636 lib.
439 597 465 636 v.
480 577 517 636 de
540 577 615 656 Rep.
628 596 695 656 pag.
714 581 784 638 461.
804 577 866 636 init.
894 577 949 656 [T.
964 575 1035 636 VII.
1055 597 1085 654 p.
1101 579 1149 636 26.
1164 575 1209 634 ed.

118 661 217 741 Bip.]
242 661 278 718 eb
287 659 375 718 altero
390 669 499 718 statuta
513 658 562 717 ills
575 669 672 730 aetate,
683 677 749 738 quae
762 659 823 717 viro
837 669 866 716 et
876 655 1003 716 foeminae
1015 655 1213 736 propaganda

118 741 205 822 proli
219 739 341 800 maxime
355 740 392 798 sit
406 751 487 820 apua!
499 739 598 799 subdit
612 740 696 800 alter:
711 740 869 822 'Aponigus
879 743 926 812 »fin
938 737 1081 815 ιῧηιίιιμὺ
1095 737 1212 814 ripaeis

117 850 151 884 n
166 829 215 884 zai
228 825 369 904 φςοηίως.
411 823 522 899 Aptam
536 832 652 880 aetstem
666 823 771 901 probat
784 841 822 880 ex
837 819 936 880 addita
948 819 1070 890 ratione,
1084 817 1154 896 quia
1165 816 1212 876 hic

122 905 160 963 irs
176 913 294 983 atroque
308 902 391 983 nigor
404 912 445 962 est
459 911 486 960 et
500 903 628 985 corporis
641 912 668 962 et
676 904 851 985 prudentio.
1297 910 1300 919 ⁴

161 1065 253 1123 VIII.
279 1065 417 1125 Secundo
431 1066 557 1144 signum,
571 1067 650 1127 unde
663 1067 735 1146 quid
748 1065 905 1144 colligitur,
919 1065 1068 1144 precedit,
1088 1077 1122 1124 ut
1133 1065 1211 1144 upud
1334 1133 1337 1138 Δ

112 1145 212 1205 eund.
229 1145 259 1203 in
273 1145 401 1206 Politice
425 1165 492 1226 pag.
508 1151 577 1209 295.
599 1147 648 1206 liu.
664 1154 711 1210 16.
739 1147 793 1229 [T.
814 1147 869 1205 VI.
883 1167 912 1226 p.
927 1151 976 1206 84.
990 1147 1036 1206 ed.
1061 1145 1145 1225 Bip.]
1168 1145 1213 1204 'aa

112 1232 166 1288 τὸι
196 1235 233 1288 νῦν
256 1232 304 1301 γ’ὼ
321 1227 452 1310 demirer.
498 1228 665 1309 Supplendo
686 1247 725 1289 ex
738 1227 970 1309 precedentibus
993 1238 1101 1287 vertas:
1121 1227 1213 1306 Leges

110 1308 283 1402 geaeratim
297 1309 506 1390 essefigendos‚
521 1331 556 1370 es
575 1309 610 1372 iis
623 1320 708 1385 certe,
722 1331 787 1392 quer
799 1309 875 1370 dioto
895 1317 971 1381 sunt,
984 1307 1118 1390 colligere
1117 1303 1213 1388 ficiis

117 1409 192 1469 qaas
200 1390 303 1472 poerit.

168 1553 227 1612 IX.
246 1553 382 1633 Denique
396 1575 602 1636 nonnunquam
623 1575 668 1628 ea,
683 1555 839 1636 exquibus
859 1553 929 1633 quid
943 1553 1136 1624 concluditur,
1158 1573 1211 1612 ex·

123 1633 277 1694 trinsecus
290 1635 417 1726 petendu
429 1649 510 1696 sunt:
524 1637 634 1716 fuitque
641 1637 697 1700 nic
711 1655 779 1695 usus
793 1635 906 1694 Grecis
919 1635 1037 1695 summis
1050 1635 1079 1692 in
1090 1635 1211 1703 deliciis,

126 1715 244 1794 quippe
259 1733 309 1792 qur
322 1715 457 1773 brevitati
477 1737 588 1776 summo
601 1737 688 1796 opere
703 1718 797 1789 litent,
818 1722 900 1797 cujus
913 1729 980 1776 suut
1000 1715 1212 1776 studiosissimi:

124 1795 268 1876 praecidit
282 1793 360 1853 enim
374 1797 552 1874 respondens
570 1815 703 1874 magnam
722 1808 955 1874 argumentorum
968 1799 1093 1870 turbem,
1114 1816 1212 1876 quam,

126 1877 184 1956 qui
198 1875 270 1956 quid
284 1876 430 1949 statuerit,
453 1877 618 1936 necessario
633 1877 762 1954 proferre
786 1877 939 1936 debuisset.
979 1879 1023 1938 Ut
1036 1897 1102 1936 cum
1122 1879 1213 1949 aiunt,

124 1959 192 2026 sinis
206 1955 283 2032 γἰἶι,
299 1955 393 2016 debris
406 1955 479 2030 7¹3..
524 1957 574 2016 Sic
581 1977 627 2036 ap.
643 1957 778 2035 Xenoph.
791 1957 918 2015 Memor.
931 1957 979 2016 ln.
993 1959 1051 2016 111.
1065 1977 1091 2016 c,
1106 1963 1153 2018 10.
1165 1959 1216 2017 ubi

126 2037 333 2116 interroganti,
350 2047 446 2096 utrum
461 2046 488 2097 *ri
502 2043 536 2097 ni
551 2039 625 2104 »431
639 2043 686 2098 ris
700 2037 819 2096 παύων
832 2043 859 2096 τ)
872 2039 995 2116 eupss‘wr
1004 2041 1216 2116 dwpu'iedud

127 2115 1217 2281 dimetiendumsitris-‘w

128 2282 159 2355 γ’
172 2281 209 2346 δι.
251 2279 378 2360 Impedit
390 2281 534 2360 particula
552 2281 579 2355 γ’
591 2279 631 2353 e's,
646 2269 800 2358 quominus
820 2279 894 2338 alter
905 2219 1027 2340 doactus
1040 2281 1110 2340 artis
1123 2231 1217 2342 imitas

129 2363 215 2422 tricis
229 2380 330 2420 omnes
344 2359 461 2421 delicias
475 2381 631 2442 exponere,
645 2381 808 2420 sermonem
827 2359 942 2440 lougius
955 2363 1109 2432 extendut;
1129 2363 1215 2441 sigui·

132 2441 274 2522 ficatque,
287 2461 319 2501 se
333 2453 363 2500 et
377 2463 449 2515 rem,
462 2453 493 2502 et
502 2444 544 2503 rei
557 2443 697 2502 rationem
710 2442 779 2502 satis
792 2441 967 2521 perspicere.
1010 2445 1047 2510 Q·
1063 2444 1093 2502 d·
1103 2445 1216 2522 Magna

135 2542 236 2582 rerum
251 2523 336 2582 turba
348 2523 397 2582 hic
409 2523 503 2583 efferri
516 2535 622 2604 posset,
639 2524 717 2584 unde
730 2535 955 2584 consentaneum
976 2537 1057 2584 certe
1070 2525 1115 2594 sit,
1131 2546 1213 2606 spec·

136 2613 247 2664 tutores
271 2603 327 2662 hac
341 2615 404 2664 arte
421 2604 558 2684 imprimis
582 2605 727 2664 delectari.
768 2603 808 2663 Et
821 2603 884 2664 hee
908 2617 953 2664 est
966 2607 1048 2676 ratio,
1072 2626 1125 2666 cur
1144 2608 1214 2667 satis

138 2695 221 2744 recte
240 2686 400 2764 generatim
421 2695 574 2758 statuatur,
594 2687 764 2767 particulam
785 2691 832 2761 φῶ
851 2685 958 2746 servire
980 2688 1213 2768 responsionibus
1314 2739 1318 2748 .

136 2765 321 2907 affirmativis?
343 2786 464 2847 quarum
477 2767 596 2848 insignis
617 2780 662 2830 est
675 2787 813 2829 uumerus
831 2767 909 2848 apud
921 2787 983 2844 eos,
1000 2771 1050 2848 qui
1070 2769 1214 2850 colloquia

136 2865 300 2927 scrrpsernn
316 2890 324 2906 .

551 3076 622 3148 ΓΕ
674 3077 823 3148 ΠΟΥ.

180 3261 207 3320 Ι.
227 3261 389 3352 Prengitur
410 3273 452 3322 rr:
474 3271 505 3318 et
517 3257 666 3339 perticulae
687 3273 757 3320 not
778 3263 944 3341 ποχισταῇ,
961 3257 1002 3318 ita
1015 3267 1047 3317 ut
1060 3268 1163 3318 neutra
1176 3256 1213 3318 de

138 3361 193 3402 sua
206 3343 333 3422 genuina
345 3351 489 3422 potestate
503 3339 659 3420 quidquam
669 3341 808 3414 remittat,
819 3341 961 3400 limitante
974 3365 1014 3414 γι,
1029 3351 1059 3398 ct
1068 3367 1104 3402 n
1117 3359 1213 3400 asseu·
1320 3342 1323 3354 '

137 3422 251 3483 sionem
266 3423 409 3484 eliciente.
426 3421 500 3480 Plat.
518 3421 555 3480 de
565 3423 639 3502 Rep.
653 3421 703 3480 lib.
718 3423 754 3482 X.
771 3441 836 3502 pag.
852 3423 922 3485 607.
943 3421 997 3502 [Τ.
1014 3420 1083 3480 VII.
1099 3442 1127 3502 p.
1146 3426 1215 3482 109.

136 3505 184 3564 ed.
204 3505 289 3585 Bip.]
306 3515 459 3584 postquam
472 3504 712 3582 interrogaverat:
734 3503 839 3564 Nonne
849 3523 964 3584 equum
978 3514 1032 3575 est,
1046 3502 1214 3563 inmediunr
1242 3549 1245 3554 .

136 3585 256 3664 prodire
269 3589 372 3666 poetas
386 3605 500 3645 causam
513 3585 741 3644 defensuros'vel
763 3585 819 3644 oda
838 3585 944 3664 aliqua,
964 3585 1009 3644 rel
1030 3584 1086 3643 aiio
1107 3593 1215 3648 metro;

139 3685 208 3726 mox
222 3668 294 3728 illud
310 3667 427 3728 limitat:
449 3675 537 3746 Δοῖμιι
550 3667 575 3728 di
588 3668 617 3742 pi
631 3695 667 3729 π
679 3667 711 3728 ais
724 3674 770 3728 uati
784 3673 833 3734 τοῖς
847 3669 998 3750 tenacitate
1019 3671 1104 3732 oodric,
1117 3665 1214 3738 ‘o'nspeti

142 3747 499 3911 trutinare
515 3747 573 3889 tt
583 3741 1217 3910 „dnthgr

144 3927 228 3988 grum
242 3913 356 3990 quidem
376 3911 413 3971 sit
424 3931 456 3971 se
470 3873 636 3984 ddfendere,
650 3913 700 3971 sed
715 3931 773 3970 non
787 3873 923 3984 cuimine,
944 3907 1132 3998 eliciente-n
1145 3901 1216 3999 site-

145 3989 215 4060 rius,
230 3992 351 4053 cuihoec
364 3993 447 4066 dicit,
459 4013 613 4061 assensium,
636 3993 717 4072 quasi
731 3992 897 4065 addidisset,
919 3993 986 4051 Non
1007 3985 1058 4045 tabo
1079 3993 1120 4046 tto
1141 3987 1217 4048 mde-

142 4071 213 4130 tur?
234 4071 274 4130 Iit
286 4074 353 4136 hinc
365 4077 487 4136 fortasse
501 4074 637 4147 Budaeus,
651 4073 729 4134 hunc
742 4075 839 4136 locum
853 4075 974 4135 aderens
987 4085 1053 4146 pug-
1080 4071 1148 4132 486.
1164 4068 1215 4140 ait,

141 4151 317 4232 perticulam
331 4183 368 4219 n
380 4157 535 4218 convenire
558 4155 786 4237 interrogationi,
811 4175 878 4217 curn
902 4148 1092 4227 interrogatio
1105 4151 1216 4230 optanti

140 4234 231 4295 modo
245 4235 306 4296 sive
319 4238 490 4300 concedenti
505 4257 563 4298 non
576 4239 644 4300 satis
664 4238 796 4320 quadret.
837 4237 943 4295 Boeoto
963 4229 1041 4312 apud
1066 4232 1215 4311 Aristopht
