2640 4808
615 231 696 279 nor.
1105 225 1164 287 475

84 392 242 455 Dlal.J⁰v.
265 389 406 450 etMerc.
426 389 530 448 ἘΚΕΓ
548 383 572 448 di
588 398 659 446 not
679 385 798 468 δ”Αςγος
819 394 934 458 finalis·
976 387 1042 451 Illic
1063 389 1168 453 alicubi

87 480 185 558 Argus
195 472 297 554 puscit.
885 465 894 490 ’

126 641 166 698 V.
189 635 250 698 Sed
265 645 295 695 et
305 639 344 696 rt
355 632 608 705 circumflectitur,
622 632 710 691 etiam
721 634 838 712 quando*
848 653 908 693 non
922 634 1094 717 interrogat,
1108 659 1169 700 non

88 733 214 791 tautum,
230 737 296 778 cum
310 713 498 776 materialiter
511 725 625 774 tantum
639 715 757 794 ponitur
770 723 797 776 τὶ
812 721 864 789 ri,
874 735 976 776 verum
989 721 1077 780 etiem
1092 722 1170 800 apud

84 801 283 884 philosophos,
298 799 346 857 ubi
360 817 457 880 neque
471 797 659 858 terminatum
680 797 750 876 quid
769 808 861 872 notat,
882 819 977 880 neque
997 802 1169 862 intermina-

86 897 151 944 tum
165 883 273 954 locum,
294 880 344 940 sed
359 891 510 959 quatenus·
524 879 680 939 terminum
694 879 852 948 terminatl;
873 891 906 939 ut
920 899 986 940 cum
1008 903 1104 962 roges,
1119 883 1170 942 ubi

86 967 125 1026 sit
139 965 255 1034 coelum,
271 961 348 1042 quod
362 961 460 1021 omnia
473 961 688 1040 complectitur,
703 979 799 1039 neque
813 961 955 1041 designari
970 975 1077 1043 potest,
1092 964 1172 1044 quod

85 1049 181 1126 ipsum
196 1045 433 1123 comprehendat.
477 1043 653 1104 Consulatur
674 1053 769 1101 totum
783 1056 871 1123 caput
886 1044 1018 1122 quintum
1038 1047 1102 1106 libr.
1118 1045 1172 1106 Ν.

86 1128 238 1208 Physlcor.
261 1127 442 1185 Aristotelis:
463 1132 491 1185 τὶ
516 1124 541 1186 δὲ
555 1131 615 1193 ess,
638 1123 743 1266 iopen,
767 1128 847 1184 ὲπέ·
870 1133 897 1185 ri
911 1131 964 1210 yde
985 1133 1023 1187 mi
1047 1129 1122 1210 (non
1144 1135 1175 1188 sis

83 1215 135 1294 ud<
150 1210 204 1290 rra)
222 1210 284 1270 urirr'
298 1208 325 1268 ri
339 1210 392 1268 lrrl
404 1235 439 1278 rr,
451 1213 496 1266 nal
508 1207 544 1267 ’ἔτι
556 1207 625 1267 ἶίλλᾶ
639 1233 663 1270 rr
694 1205 783 1266 &rhus
795 1211 867 1287 rugai
881 1213 954 1280 ris'rs,
969 1211 989 1268 ir
1000 1207 1022 1266 el
1028 1208 1041 1267 'i
1053 1209 1172 1292 πιςιέχει.

91 1293 261 1352 Universum
276 1309 341 1346 nero
356 1309 412 1346 uon
427 1297 467 1346 est
481 1285 601 1346 alieubi:
623 1309 688 1346 uum
702 1285 776 1346 illud
788 1286 891 1347 alieubi
910 1298 937 1348 et
951 1290 1040 1368 aptum
1062 1300 1103 1350 est
1117 1289 1171 1350 nti-

84 1372 165 1453 que'd,
180 1379 208 1429 et
216 1379 361 1448 praetereu
375 1377 484 1447 oportet
497 1367 578 1426 uliud
590 1369 660 1448 quid
672 1389 729 1428 esse
736 1378 845 1448 preter
855 1371 917 1444 boc,
931 1371 962 1430 a'rr
977 1391 1031 1450 quo
1042 1373 1087 1442 sit,
1099 1372 1174 1452 quod

90 1451 248 1516 contineat.
272 1449 330 1528 [G.
346 1451 434 1508 Deua
449 1450 500 1508 das
520 1450 600 1524 We]

130 1613 184 1672 v1.
209 1615 239 1671 A
253 1612 311 1670 loci
325 1611 502 1670 intenninati
522 1623 611 1690 atque
632 1611 706 1671 adeo
727 1613 831 1671 incerti
851 1612 1060 1692 significatione
1081 1613 1173 1674 facilis

88 1691 237 1756 translatio
258 1705 302 1752 est
323 1692 472 1752 adomnia
491 1691 548 1752 alia
570 1691 693 1764 incerta,
715 1693 733 1751 i.
751 1713 777 1752 e.
791 1713 830 1752 ex
844 1713 899 1752 usu
912 1701 1008 1773 ποτικῷ
1026 1707 1110 1754 natus
1131 1707 1175 1755 est

86 1795 156 1836 usus
169 1781 348 1853 magmenta,
376 1793 442 1830 cum
458 1773 495 1832 de
510 1793 542 1832 re
556 1791 615 1832 non
628 1773 714 1852 plane
737 1785 818 1833 certa
831 1778 1029 1852 conjecturum
1044 1775 1172 1834 facimus.

86 1859 168 1918 Hinc
182 1855 451 1934 redditursortasse
464 1853 623 1913 innumeris
633 1855 716 1914 locis.
730 1853 788 1913 vid.
806 1855 897 1914 Hom.
912 1855 947 1914 Il.
962 1872 990 1918 Ξ.
1004 1877 1033 1914 v.
1049 1861 1116 1916 144.

166 2019 246 2080 Ἀλλ’
259 2017 295 2079 i'rr
309 2044 347 2078 πε
362 2020 451 2101 Tge'ru
466 2021 579 2100 iuirrgsr
594 2015 634 2082 ridi
644 2015 756 2095 μέὃοντις

166 2101 237 2180 Erigit
253 2097 494 2161 attineamini.
510 2133 552 2146 -

87 2271 146 2330 Sed
155 2273 289 2349 sonasse
302 2271 395 2330 adhuc
422 2271 452 2330 T
449 2275 615 2351 rrgjuuorum
641 2273 766 2331 duceret
783 2271 929 2351 principes
943 2270 1030 2330 lotum
1053 2289 1177 2350 campum

81 2351 199 2434 pubere
212 2350 372 2431 impletum.
417 2351 466 2411 sic
481 2365 516 2412 o.
530 2373 558 2412 v.
572 2357 626 2412 48.
653 2365 686 2412 o.
701 2357 750 2411 88.
781 2365 817 2412 u.
832 2357 903 2412 488.

125 2510 196 2570 v11.
218 2512 300 2572 Hinc
321 2512 473 2570 commode
492 2513 589 2590 jungit
610 2514 699 2572 verbo
713 2515 820 2592 ἀκιίζειν
835 2511 1016 2572 Heliodorus
1040 2511 1171 2588 AEthiop.

90 2591 139 2650 lib.
162 2593 248 2652 VIII.
263 2611 326 2671 cap.
346 2595 393 2651 ll.
414 2593 549 2675 ’Agr-rim,
564 2596 593 2660 ἅς
609 2595 713 2670 εἰκάζειν
726 2593 822 2662 ἐ’νεστιν,
837 2594 913 2676 's'rrgs'r
928 2621 966 2656 mr
980 2600 1026 2656 zet
1042 2594 1176 2674 uarrirsgsr

90 2678 212 2758 τιμωςίις
227 2676 317 2755 rgr'ru
331 2683 406 2736 reris
421 2674 555 2742 ἐπινοέω.
598 2675 716 2744 Arsace,
735 2684 766 2732 ut
779 2675 916 2752 conjicere
929 2673 1004 2747 licet,
1026 2673 1178 2752 aliudsor-

91 2763 166 2815 tasse
180 2766 208 2818 et
219 2757 310 2838 magis
321 2775 422 2814 nouum
432 2754 563 2836 supplicii
570 2775 662 2835 genus
676 2755 706 2812 iu
712 2755 870 2834 prusemr'u
884 2757 1067 2834 εποοςίιαπίε.
1089 2756 1180 2814 Com·

93 2835 181 2896 mode
195 2857 313 2918 quoque
327 2835 483 2896 adhibetur
493 2835 780 2914 interrogationibus,
795 2847 828 2896 ut
842 2837 920 2915 apud
934 2833 1010 2893 Plat.
1023 2835 1054 2894 in
1065 2835 1179 2894 Phaedr.

92 2936 161 2996 pag.
175 2921 245 2982 226.
266 2919 322 3002 [T.
337 2918 374 2977 X.
389 2939 417 2998 p·
431 2923 501 2980 369.
516 2919 562 2978 ed.
577 2918 662 2998 Blp.]
680 2917 767 2978 Kaao'r
782 2917 823 2978 ersi
836 2946 862 2978 rr
876 2917 907 2979 ris
929 2916 973 2988 ria,
994 2913 1006 2973 'l
1021 2915 1101 2974 edm
1115 2923 1180 2975 ἄπο-

92 3001 208 3074 euvils,
237 2999 302 3078 ipae
323 3001 397 3084 τέχνῃ
417 3003 594 3079 asperam,
648 3000 696 3058 Au
711 2997 844 3080 pulcrum
851 3000 962 3076 ‚fhrsuu
970 2999 1067 3078 first,
1095 2995 1121 3054 si
1140 2995 1181 3066 iu,

93 3082 171 3160 quod
182 3081 227 3142 his
240 3082 323 3142 rebus
336 3081 512 3154 destituitur,
528 3089 622 3140 tumen
636 3091 699 3140 arte
707 3080 922 3162 perciperetur?
955 3075 1109 3156 ¹Convenit
1125 3073 1178 3135 eti·

93 3179 141 3220 am
155 3161 266 3224 ironice
280 3163 459 3244 jocantibus,
480 3163 531 3244 qul
545 3163 582 3222 de
596 3183 628 3222 re
648 3173 719 3222 nota
739 3161 915 3234 dubitantes,
936 3159 966 3218 in
987 3159 1109 3218 eliorum
1129 3176 1176 3215 su-

94 3243 267 3318 perstitione
281 3243 461 3306 cavillantur.
504 3245 584 3304 Talis
597 3243 789 3306 videturesse
804 3241 938 3302 Bacchus
959 3259 1006 3322 ap.
1028 3237 1178 3318 Aristoph.

96 3322 127 3378 in
142 3323 218 3385 Rau.
233 3345 260 3383 v.
274 3328 343 3389 772.
364 3327 414 3404 qui
428 3325 567 3406 vapulans
580 3326 622 3386 ita
635 3327 751 3386 invocat
766 3323 945 3406 Apollinem:

171 3489 318 3556 ”As-raher,
335 3489 360 3556 ’ἐς
374 3515 412 3552 rra
426 3494 506 3554 Δέλοι
520 3487 538 3559 ἢ
552 3490 651 3550 nrirlr’
662 3487 736 3568 ἐ’χκς.

94 3655 266 3738 Apollinem
280 3653 351 3714 Deli
365 3666 394 3716 et
409 3655 544 3736 Pythone
558 3657 618 3718 sive
632 3655 757 3736 Delphis
771 3655 948 3716 domicilium
959 3657 1078 3726 habere,
1092 3671 1177 3714 nemo

91 3739 258 3818 ignorabat=
280 3755 377 3815 neque
390 3737 505 3798 dubitat
519 3758 598 3812 vere,
612 3738 665 3799 sed
678 3738 789 3798 uonice
802 3737 888 3812 ludit,
902 3735 1116 3819 quantumlibet
1129 3754 1178 3794 va-

93 3821 205 3899 pulans.
247 3819 351 3879 Potest
372 3817 491 3898 quidem
511 3819 584 3880 illud
603 3847 641 3884 π
660 3819 791 3880 adhiberi
812 3826 934 3890 τοπικῧς,
957 3831 990 3878 ut
1009 3819 1047 3878 sit
1067 3835 1178 3890 sensus,

94 3901 155 3982 qui,
175 3901 266 3962 neseio
281 3901 338 3974 ubi,
361 3911 412 3960 sut
426 3901 497 3962 Deli
511 3911 561 3962 aut
582 3901 716 3984 Pythone
734 3901 859 3962 habunt.-
880 3901 983 3962 sedet
1003 3910 1101 3981 potest
1121 3927 1179 3960 res·

97 3987 229 4060 χωπαὸς
243 3981 396 4088 explicari:
417 3983 468 4078 qui
480 3982 552 4044 Deli
553 3985 664 4064 sersus
678 3982 1009 4078 auththonelmbitns.
1050 3983 1127 4078 Haec
1137 3980 1180 4040 vis

96 4065 647 4214 astru’ustuubiuuu
658 4065 1179 4208 8888888888

95 4245 170 4286 aneo
186 4243 249 4305 cap.
263 4228 313 4285 42·
335 4230 410 4288 Atre
424 4257 462 4292 ere
475 4228 564 4310 mdis
578 4231 626 4314 orie
641 4229 676 4290 rai
689 4231 833 4308 ysyrr'prrm·
875 4225 954 4286 Illud
974 4225 1061 4306 exedit
1080 4226 1180 4286 videli-

95 4321 144 4370 eet
158 4327 220 4372 non
233 4309 303 4372 setis
316 4307 487 4376 imminuere
500 4311 594 4377 vuum
608 4322 653 4376 est
671 4309 854 4378 assentimus
874 4309 1067 4381 voluntatem
1088 4325 1178 4386 quare
