2880 4804
749 333 768 374 V

247 485 395 567 temporis,
415 501 482 543 cum
495 481 604 563 aliquid
617 501 676 542 non
689 483 857 564 simpliciter
877 485 1018 544 affinnare
1031 487 1077 546 vel
1098 506 1203 568 negare
1216 509 1266 548 vo-

248 569 374 639 luerunt,
385 585 540 645 suppressa
553 565 675 637 ratione,
696 565 900 625 confirmanda
920 567 1073 627 sententiae
1093 569 1198 642 indice,
1211 571 1267 630 bac

249 649 386 730 particula
399 648 570 716 utebantur3
590 666 659 708 mox
673 648 760 707 etiam
774 648 864 726 ipsam
884 649 1064 728 particulam,
1083 649 1204 710 rationis
1216 671 1268 710 no·

249 743 316 802 tam,
329 729 411 808 quasi
425 729 577 800 rationem,
591 727 734 810 emphasis
747 731 851 808 gratia,
869 730 1072 790 adhibuerunt.
1114 731 1196 792 Hinc
1209 733 1269 793 fac·

247 823 308 870 tum
330 823 386 884 est,
411 821 444 870 ut
468 829 486 868 a
507 809 604 869 multis
618 814 758 891 prcffecto,
782 833 860 882 sane,
888 813 1028 884 nimirum,
1051 813 1135 872 aliter
1156 815 1270 876 reddita

242 894 289 952 sit.
331 895 406 959 Quae
419 891 591 969 significatio
605 891 635 949 in
648 893 780 952 versione
793 893 911 972 quidem
923 893 992 952 ferri
1012 905 1118 972 potest,
1133 907 1164 954 et
1177 915 1269 975 quan·

240 973 340 1052 doque
353 973 454 1044 debet,
469 973 536 1051 quia
548 993 618 1032 suus
631 973 788 1054 unicuique
801 973 908 1054 linguae
920 975 1022 1054 genius
1036 987 1090 1046 est,
1104 975 1155 1035 sed
1169 995 1187 1035 a
1199 997 1270 1038 rara

238 1055 451 1136 particularum
461 1054 593 1114 doctrina
606 1055 706 1115 messe
720 1057 818 1115 debet.
861 1056 961 1116 Locus
969 1069 1013 1116 est
1024 1057 1152 1116 Platonis
1163 1057 1192 1116 in
1206 1059 1270 1138 ipso

240 1137 427 1218 Reipublicae
446 1136 599 1209 vestibulo,
614 1137 664 1195 ubi
678 1137 869 1197 Polemarcbo
889 1137 1009 1212 dicenti,
1031 1140 1129 1200 Amisi
1147 1167 1189 1216 μοι
1209 1147 1269 1223 ugit

238 1205 498 1302 is'ewdgpffeiwis
509 1221 629 1289 ἇπιόηις,
640 1219 797 1298 respondet
809 1219 956 1279 Socrates:
973 1224 1142 1303 ἑγὲςωὸς
1151 1218 1269 1300 iot-‘gna

240 1301 393 1366 Quorsum
406 1299 456 1358 bic
473 1298 616 1378 particula
627 1301 696 1384 ya‘g?
733 1301 801 1360 Non
822 1300 922 1379 utique
935 1301 1074 1361 abundat.
1115 1303 1159 1360 At
1181 1303 1270 1362 inter-

240 1393 341 1460 pretes
355 1381 470 1441 Latinae
484 1381 685 1440 consuetudini
701 1381 815 1454 intenti,
836 1381 907 1440 nihil
927 1383 1089 1454 haerebunt,
1110 1401 1128 1442 e
1148 1383 1271 1462 vestigio
1289 1415 1294 1422 ·

242 1462 414 1524 reddentest
435 1463 570 1542 Profecto
584 1483 640 1522 non
654 1463 726 1522 male
738 1467 885 1544 conjectas.
927 1465 986 1524 Sed
1007 1464 1099 1546 quiin
1120 1465 1270 1544 particulae

242 1543 301 1601 vim
316 1543 484 1622 diligentius
496 1544 641 1623 inquirere
654 1545 745 1625 cupit,
761 1545 790 1603 in
804 1543 860 1603 boc
874 1563 932 1603 non
947 1546 1113 1626 acquiescet
1132 1545 1270 1626 soletque

245 1626 401 1701 genuinam
414 1626 562 1685 notionem
575 1645 687 1686 eruere.
728 1627 773 1685 At
786 1625 835 1684 ubi
849 1626 906 1685 boc
920 1626 986 1686 loco
999 1626 1149 1708 particulae
1162 1633 1214 1710 pig
1228 1627 1271 1686 vis

247 1717 295 1763 est
313 1709 482 1778 αὶτωληωίί
515 1707 721 1766 Polemarcbus
735 1707 849 1787 inquit:
886 1707 1024 1767 Videmini
1041 1710 1082 1767 od
1100 1707 1194 1767 urbem
1209 1717 1269 1767 terr·

251 1785 327 1843 dere.
368 1786 538 1864 Respondet
552 1787 697 1846 Socrates:
720 1789 788 1847 Non
801 1789 873 1847 enim
888 1787 1075 1870 malepotus?
1116 1789 1185 1848 Non
1198 1809 1270 1870 qua·

250 1865 326 1924 drat.
368 1867 418 1924 An
432 1867 568 1942 μκῶἱσει
583 1867 632 1923 bic
653 1869 854 1926 concedendus
866 1869 948 1928 locus
968 1869 1027 1929 est?
1047 1871 1090 1932 Ut
1111 1871 1167 1930 boc
1186 1871 1270 1930 velit:

246 1950 263 2006 ἒ
276 1951 360 2014 mdc
372 1945 497 2024 διξίζκςς
518 1948 655 2028 ὅςμιῖμθκ
668 1952 721 2029 yde
734 1955 794 2029 ηὶς
807 1947 873 2006 dm
886 1951 1003 2016 ὶπιὲπις.
1042 1951 1090 2008 lta
1100 1964 1132 2010 ut
1144 1951 1272 2030 elliptica

244 2027 283 2086 sit
298 2027 416 2086 locutio.
458 2029 509 2086 An
522 2045 591 2085 vero
603 2029 743 2104 μιτιίθιως
756 2025 882 2105 cuipiam
896 2027 996 2086 durior
1013 2028 1169 2092 videbitur?
1193 2033 1272 2098 Quid

240 2109 339 2168 enimi
363 2109 499 2169 Nativam
527 2109 656 2168 Socratis
677 2107 846 2166 comitatem
867 2126 1006 2186 agnosce,
1029 2109 1211 2170 Polemarcbi
1230 2113 1273 2170 in-

244 2191 363 2269 genium
376 2191 467 2250 solers
481 2189 606 2248 officiose
620 2189 775 2261 laudantis,
797 2188 878 2268 quasi
898 2189 1075 2262 felicissime,
1097 2203 1130 2250 nt
1150 2211 1273 2272 semper,

244 2271 286 2332 ita
299 2291 378 2331 nunc
393 2271 538 2352 conjiciat.
581 2271 630 2330 Sic
644 2290 745 2330 sensus
762 2271 816 2330 erit
836 2271 1019 2330 extrinsecus
1039 2271 1228 2351 supplendus,
1243 2295 1271 2354 q.

245 2353 274 2412 d.
287 2373 347 2412 non
357 2351 461 2414 mirum
472 2365 527 2424 est,
537 2371 590 2412 nos
600 2352 653 2412 uni
661 2351 752 2412 videri
762 2353 800 2412 ad
811 2353 911 2412 urbem
922 2351 1078 2431 proficisci,
1087 2373 1154 2412 cum
1165 2375 1197 2414 re
1205 2373 1274 2416 vera

247 2435 349 2494 urbem
363 2447 509 2514 petamus:
530 2446 564 2493 tu
577 2435 666 2506 enim,
681 2445 713 2492 ut
727 2433 834 2504 omnia,
850 2433 890 2492 ita
903 2434 961 2492 boc
973 2433 1120 2494 verissime
1141 2436 1272 2514 conjicis.

246 2517 343 2580 Quam
352 2520 530 2598 βμχυλογίιι
544 2515 656 2576 Graecis
669 2515 759 2574 fnisse
771 2515 800 2572 in
815 2513 936 2588 deliciis,
950 2513 1055 2594 passim
1069 2517 1232 2594 patebit-

247 2638 250 2651 .
294 2597 353 2655 Sed
366 2596 562 2656 adversiones
576 2607 609 2654 ut
623 2596 749 2668 redeam,
763 2596 859 2674 patuit
872 2614 931 2666 eas,
946 2597 1159 2675 quantumlibet
1172 2617 1191 2656 a
1204 2619 1273 2658 vera

249 2675 455 2756 particularum
475 2687 620 2755 potestate
641 2677 826 2747 abhorreant,
847 2676 916 2734 farri
931 2687 1028 2736 tamen
1041 2697 1140 2757 posse;
1160 2682 1273 2758 patebit

246 2757 334 2818 etiarn
349 2757 457 2816 debere
470 2775 689 2835 nonnunquam,
707 2767 827 2836 propter
841 2757 954 2817 diversa
967 2757 1142 2838 linguarum,
1157 2759 1186 2818 in
1201 2781 1272 2841 quas

245 2837 498 2910 transfunduntur,
521 2837 645 2914 ingenia.
688 2839 738 2898 Sic
759 2837 909 2917 porticula
937 2839 1065 2900 causales
1087 2844 1136 2902 int
1160 2854 1189 2900 et
1214 2843 1273 2909 dan

245 2941 327 2980 more
351 2919 464 2978 Latinis
486 2921 637 2996 incognito
659 2919 850 2998 praeliguntur
870 2919 1154 2998 interrogationibus,
1178 2923 1218 2982 ita
1239 2933 1272 2982 ut

245 3001 539 3080 cognataeparticulre
552 3007 604 3084 pag
617 3001 711 3060 vicem
722 3001 854 3060 obtinere
868 3001 1031 3076 videantur,
1044 3013 1076 3062 ut
1090 3003 1120 3060 in
1130 3003 1179 3063 illo
1191 3003 1271 3063 Aris·
1370 3023 1372 3026 ·

248 3083 384 3162 topbanis
397 3084 427 3140 in
442 3083 530 3142 Pluto
546 3103 572 3141 v.
588 3085 658 3142 882.

504 3251 606 3306 -Moir
620 3251 666 3306 ast
679 3249 711 3306 el
723 3247 832 3324 μπέχνν
844 3251 1005 3320 amarti-255

506 3330 576 3388 'Emi
589 3330 664 3387 nider
675 3329 803 3404 despiciar
816 3327 918 3402 ἕληφαις
931 3309 995 3399 rods}

289 3490 348 3550 Ubi
360 3494 409 3551 iad
423 3492 489 3552 altu
498 3469 553 3568 pro
567 3491 641 3550 albas
655 3495 707 3573 γὶς
715 3489 856 3549 rationem
865 3489 963 3563 infert,
973 3509 1026 3550 cur
1033 3491 1141 3553 dixerit
1148 3493 1271 3554 alterum

247 3591 311 3632 esse
325 3571 510 3652 participem
531 3589 597 3644 nom
611 3573 696 3643 ande,
711 3561 815 3650 inquit,
830 3571 914 3630 hahes
926 3571 978 3632 loc
1029 3571 1128 3634 ilium?
1149 3575 1272 3632 Latinus

246 3673 343 3714 sermo
351 3673 411 3712 non
418 3653 610 3732 patiturboc=
625 3654 756 3733 quoniam
766 3653 840 3712 unde
849 3651 951 3713 tabeat
992 3655 1048 3714 alia
1060 3667 1127 3715 sunt
1140 3658 1188 3714 imi
1202 3659 1271 3728 πῢςς

247 3740 357 3807 inlate
373 3749 405 3794 et
419 3734 532 3806 similia,
546 3735 584 3794 de
599 3735 704 3812 quibus
716 3735 776 3794 suis
788 3734 870 3792 locis.
906 3735 1044 3796 Similiter
1057 3743 1090 3798 τῦ
1104 3742 1155 3796 ἐπεὶ
1168 3745 1199 3792 et
1209 3733 1272 3800 dm

247 3819 405 3896 genuinam
418 3817 568 3876 notionem
581 3816 687 3894 lingue
703 3815 844 3876 Romanae
856 3817 1005 3895 ingenium
1019 3817 1139 3896 respuit,
1152 3819 1270 3892 quando

246 3919 315 3958 aum
328 3897 491 3978 imperandi
504 3897 592 3957 modo
602 3909 820 3970 construuntur,
831 3909 865 3958 ut
877 3899 955 3978 apud
969 3899 1123 3959 Platonem
1137 3895 1167 3952 in
1179 3897 1271 3982 Hipp.

831 3987 845 4002 Ν

249 3981 316 4042 min.
338 4001 368 4060 p.
385 3985 455 4044 asa.
476 3981 554 4042 ‘aaa’
568 3983 606 4058 a„
626 3979 771 4063 ..inmas
788 3985 840 4041 aa

251 4059 387 4122 Latinum
401 4081 461 4122 non
475 4073 534 4121 est:
555 4061 686 4142 quonium
700 4069 732 4121 tu
745 4063 800 4122 dic.

253 4140 283 4198 in
296 4145 434 4214 versione,
451 4144 507 4204 nisi
520 4155 632 4204 mutata
644 4136 803 4224 imperandi
817 4145 929 4204 ratione
942 4143 1000 4200 boc
1014 4139 1113 4202 modo:
1158 4143 1195 4204 ed
1212 4165 1271 4204 non

252 4221 390 4299 invenies,
404 4227 509 4299 amice;
529 4245 589 4287 non
609 4237 655 4288 est
667 4225 758 4302 enim;
779 4225 926 4306 quoniam,
940 4221 964 4283 si
984 4235 1071 4301 esset,
1092 4235 1174 4289 tuum
1195 4237 1272 4288 esset

841 3985 903 4120 prid
922 3984 974 4065 yde
996 3985 1066 4041 ἰπιν·
1089 3980 1137 4072 {arti
1159 3983 1190 4040 ri
1211 3986 1271 4045 riri.

871 4073 1128 4143 ecpotestservan
1176 4063 1271 4124 ortium
