2674 4816
575 241 638 288 rent
660 241 736 289 cnr.
1126 233 1185 292 257

102 361 523 486 rebur.sscipit1³hraedms:
545 409 598 464 Kal
612 402 665 466 ilis
678 429 709 477 γι
721 402 776 464 ἔτι
796 407 886 486 egiss.
928 407 968 466 Et
989 405 1062 466 nihil
1077 407 1186 488 quidem

102 487 235 548 indecori
258 489 340 548 inest.
382 485 546 565 Negatione
574 485 711 544 contrarii
730 485 795 564 plus
816 485 972 562 significat,
998 506 1084 566 quam
1106 487 1186 560 dicit,

102 587 225 654 proleo,
240 569 319 648 quod
332 569 440 628 diceret
453 567 623 628 Homerus:
643 571 722 628 lteri
734 573 825 650 μιῖςιι
845 566 942 633 iheu.

63 779 70 795 .
148 730 188 790 Χ,
211 732 297 790 Hanc
307 741 481 810 potestatem
494 748 554 788 non
569 728 687 788 omnino
701 729 851 808 deponunt
863 731 912 788 zai
932 755 970 802 γι,
991 731 1110 807 quando
1133 751 1191 811 po.⁴

105 823 219 872 nuntur
230 817 340 892 pressi
353 839 408 886 w,
425 812 475 870 ubi
489 809 603 870 scilicet
617 811 658 882 id,
673 811 752 890 quod
765 809 938 878 dictumest,
949 812 1086 892 exemplo
1107 813 1186 874 illus·

105 904 202 952 tratur
212 906 264 952 sut
278 891 478 954 confirmatur:
501 903 534 951 ut
545 891 625 970 apud
639 891 791 970 Aristoph.
805 891 835 950 in
849 891 938 970 Vesp.
952 911 993 951 vs.
1011 898 1097 957 1087.

177 1056 251 1137 “Aga
263 1053 337 1121 'urit
350 1053 379 1124 ἧι
388 1053 453 1123 aets',
469 1051 529 1120 dm
541 1055 629 1114 mirra
648 1058 684 1134 pul
694 1052 835 1114 διδιιώιιι.

103 1216 186 1277 Tunc
200 1237 299 1298 nernpe
320 1237 397 1278 erem
421 1235 496 1286 ucer,
517 1236 567 1276 nec
588 1215 735 1310 quicquum
760 1215 899 1276 timebam.
950 1217 1028 1276 Mox
1050 1221 1185 1300 exemplo

98 1299 288 1378 probaturus,
302 1295 522 1378 quounixerat,
536 1296 629 1356 addit:
651 1297 723 1358 Kal*
744 1296 957 1379 euangelista·
981 1310 1025 1359 ΓΒ
1050 1304 1096 1369 τὸς
1114 1304 1184 1363 iras-

98 1381 164 1448 τίιις.
209 1379 288 1450 erirt
301 1379 518 1460 homoquidam
532 1379 675 1460 infigam
689 1377 769 1439 uerti.
811 1379 849 1444 Q.
870 1377 900 1437 d.
926 1379 1008 1439 Acer
1025 1379 1079 1452 lul,
1103 1381 1133 1440 id
1155 1393 1185 1444 et

99 1460 161 1520 hoe
174 1461 240 1540 ipso
254 1459 334 1520 beto
349 1457 471 1522 ostendi.

148 1621 205 1682 xl.
228 1622 379 1683 Invenitur
392 1633 422 1682 et
434 1622 479 1682 bis
489 1621 740 1702 edditapartieula
752 1623 790 1692 il,
806 1622 835 1680 vi
850 1641 903 1684 sua
915 1631 1072 1694 βιβιιιιτιιιῖ
1080 1625 1183 1705 arnpll.

102 1704 275 1765 ficationem
288 1702 469 1764 confirmans.
481 1715 515 1764 ut
528 1704 605 1783 apud
620 1703 695 1764 Plat.
709 1704 740 1762 in
754 1705 874 1766 Conviv.
888 1723 955 1784 pag.
981 1709 1016 1770 17
1019 1711 1047 1768 3.
1057 1692 1062 1707 ’
1072 1707 1122 1767 ubi
1140 1707 1183 1766 di·

104 1787 148 1846 cit
162 1784 267 1864 aliquis
281 1782 472 1864 Apollodoro,
486 1785 598 1846 nescire
611 1803 654 1857 se,
667 1785 745 1844 unde
760 1784 807 1844 ille
828 1804 991 1864 cognomen
1012 1793 1109 1865 μιιιιῦ
1122 1789 1140 1847 i.
1156 1808 1184 1848 o.

103 1867 203 1928 inseri
215 1866 253 1926 sit
266 1865 402 1945 adeptus:
423 1865 579 1945 respondet
593 1865 806 1944 Apollodorus:
825 1873 878 1928 Kal
892 1865 964 1932 litis
978 1895 1008 1942 μ
1020 1867 1059 1941 tt,
1081 1873 1118 1931 ‘irs
1130 1868 1184 1934 iles

103 1947 257 2026 ἴκιιὲμιιις
269 1952 317 2008 ui
330 1952 387 2030 τις)
400 1948 501 2024 lpum
511 1952 558 2007 ui
572 1953 628 2030 mgl
643 1951 709 2024 ipsiir
721 1950 852 2026 μιιιίιμι.
889 1948 1062 2017 Quinetiam
1072 1951 1184 2031 perspi·

101 2050 184 2090 cuum
192 2030 324 2109 profecto
338 2035 390 2100 ert,
403 2047 447 2088 me
462 2029 508 2086 ite
522 2036 551 2086 et
570 2028 606 2086 de
618 2047 663 2087 me
674 2035 703 2086 et
715 2029 752 2087 de
769 2028 845 2088 uobis
858 2029 1022 2089 sentientem
1046 2032 1181 2091 inaurire.

101 2111 164 2171 Hie
177 2127 242 2170 sese
255 2108 365 2171 exserit
378 2108 530 2187 particule
543 2113 589 2170 ul
602 2119 730 2187 potestas
749 2107 889 2176 inclausi:
920 2129 999 2183 nem,
1020 2129 1088 2171 cum
1111 2112 1185 2172 alter
1264 2157 1265 2160 η

100 2193 232 2263 dixisset,
247 2190 360 2250 nescire
369 2209 412 2262 se,
427 2189 506 2249 unde
519 2188 569 2250 ille
582 2189 640 2248 hoc
653 2208 760 2249 nomen
775 2202 852 2250 esset
873 2193 1007 2270 udeptus,
1022 2193 1183 2272 Apollodo.

102 2293 150 2334 rus
164 2292 224 2332 non
237 2282 351 2332 tantum
365 2271 486 2350 exponit
506 2270 660 2343 rationem,
674 2271 727 2331 sed
740 2283 771 2330 et
785 2290 849 2330 eam
864 2274 905 2332 ait
918 2292 981 2334 esse
991 2275 1183 2354 perspicuam.

101 2376 130 2435 q.
144 2356 173 2414 (l.
187 2355 280 2419 enirm
292 2357 333 2416 eb
347 2355 486 2430 leuropu‘ar
498 2351 600 2422 ἴλιιθιι,
616 2353 726 2431 ipsius,
740 2352 778 2414 irs
802 2352 854 2416 i'ru
878 2353 1028 2433 >ascripseris
1051 2357 1084 2434 μί
1108 2373 1184 2430 φασιν

100 2440 247 2514 persistebat,
261 2439 335 2494 ἀλλὰ
348 2438 393 2495 ul
406 2438 468 2494 τῖιι
481 2432 563 2499 diter·
594 2433 682 2492 Hanc
697 2433 808 2504 infimo
822 2433 926 2496 limitat
939 2463 976 2510 γι.
996 2447 1023 2496 et
1038 2437 1112 2498 illud
1120 2439 1183 2518 qui·

229 2516 353 2596 apionem
366 2524 419 2575 ert.
460 2514 591 2574 Tandem
606 2515 759 2574 confirmet
773 2534 809 2574 ac
824 2517 933 2578 stabilit
946 2517 975 2583 tt
987 2519 1049 2578 sive
1063 2519 1180 2588 ίιιίδιιιι,

104 2597 165 2658 sive
175 2536 389 2669 lbeditmionem,
402 2595 463 2658 sive
476 2607 638 2674 utramque.
679 2595 721 2655 Et
734 2595 776 2656 sic
789 2597 946 2678 unicuique
966 2600 1117 2679 particulse
1129 2621 1182 2662 sua

105 2680 150 2740 vis
162 2689 304 2738 servetur.

159 2786 165 2795 ι

370 2894 469 2976 ΚΑΓ
491 2881 602 2976 ΓΑῚἸ
631 2923 716 2976 cem
737 2894 917 2976 Aunesis.

140 3086 164 3148 1.
185 3089 286 3156 Quaeri
299 3087 401 3168 possit,
414 3087 439 3147 si
453 3091 506 3170 pig
520 3106 574 3166 per
593 3106 626 3146 se
641 3086 678 3146 sit
692 3091 869 3161 αἰτιιλιιγιιιιι,
883 3085 953 3164 quid
963 3085 1051 3144 faciat
1064 3083 1183 3163 praelixo

99 3167 244 3246 particula
257 3175 312 3238 ul,
336 3189 401 3249 qua
414 3168 502 3248 plane
516 3169 610 3227 etiosa
624 3187 688 3228 esse
702 3166 843 3236 videatur,
860 3187 926 3226 curn
942 3177 1036 3226 totum
1056 3165 1114 3226 hec
1136 3175 1182 3226 sel

101 3255 155 3332 νὰς
169 3250 307 3310 reddatur
318 3253 402 3310 num?
424 3244 612 3310 subobscura
621 3269 667 3310 res
675 3247 1045 3328 penitiorisdisquisitionis
1059 3248 1179 3328 indiget.

102 3331 250 3390 Revocari
263 3331 423 3410 hicpossit,
444 3330 524 3412 quod
548 3349 607 3390 non
630 3331 720 3391 semel
744 3342 877 3390 notatum
906 3331 1034 3403 memini,
1060 3331 1182 3390 Graecos

99 3409 311 3490 particularum
324 3411 485 3472 effusiorem
498 3413 637 3472 amavisse
652 3433 746 3484 usum,
767 3423 797 3472 et
816 3413 973 3474 servavisse
992 3433 1069 3494 saepe
1092 3413 1181 3492 perti-

99 3491 180 3552 culas
196 3504 246 3553 tan
270 3511 336 3552 uem
348 3489 469 3572 vestigia
480 3494 686 3573 antiquissimae
699 3504 730 3553 et
743 3495 824 3573 quasi
837 3495 980 3574 prirnaevte
994 3495 1023 3554 in
1034 3495 1182 3574 loquendo

99 3513 330 3644 consuetudinis,
352 3595 411 3654 qua
423 3573 482 3634 due
495 3576 687 3654 pronunciata
699 3576 854 3655 seperatim
874 3578 1066 3656 ponebantur,
1093 3575 1181 3632 inter·

98 3656 181 3734 jectis
194 3657 356 3731 vocabulis,
370 3655 431 3716 sive
443 3656 618 3729 nominibus,
632 3657 692 3716 sive
705 3656 800 3718 verbis
819 3677 886 3718 cum
910 3659 1083 3738 repetitione
1106 3673 1179 3732 prer-

101 3735 277 3812 cedentium,
291 3751 344 3799 aut
357 3737 506 3799 additione
521 3757 632 3812 eorum,
647 3759 712 3818 quae
722 3737 904 3800 extrinsecas
912 3741 1099 3818 petebantur:
1114 3753 1180 3814 pos-

102 3828 179 3878 teros
191 3839 261 3880 vero
274 3831 395 3901 propter
408 3819 547 3900 loquendi
561 3820 766 3900 compendium
780 3820 829 3880 illa
842 3821 887 3882 vel
906 3820 1040 3899 repetita,
1062 3815 1107 3874 vel
1130 3813 1181 3874 ad-

103 3897 164 3958 ditu
177 3899 350 3980 neglexisse,
364 3921 430 3982 quse
443 3919 490 3962 res
500 3901 614 3962 dedisse
627 3901 741 3961 videtur
752 3902 894 3982 originem
907 3897 1066 3979 particulis,
1078 3895 1181 3976 quibus

101 3997 138 4038 ea
151 3979 192 4038 vis
207 3983 314 4044 tributa
327 3996 383 4056 est,
397 4001 485 4064 quam
509 3981 687 4062 ceteroquin
708 3985 867 4044 exercebat
891 3983 1006 4057 integra
1029 3977 1182 4038 sententia.

102 4059 185 4133 Hoc,
199 4061 222 4120 si
237 4063 265 4121 in
279 4065 407 4125 absalio
420 4063 571 4144 particula,
591 4064 685 4144 patuit
704 4064 858 4124 manifesto
879 4063 909 4120 in
930 4065 1014 4128 ἀλλὰ,
1039 4069 1072 4117 ut
1095 4079 1182 4141 supra

100 4153 251 4202 ostensum
264 4158 317 4206 est.
359 4147 475 4226 Itaque,
489 4145 513 4205 si
528 4143 598 4225 quid
609 4155 689 4205 recte
699 4145 833 4227 conjicio,
841 4149 887 4204 ul
907 4147 945 4214 γὸ
974 4160 1032 4200 non
1043 4139 1119 4214 duae,
1129 4143 1182 4203 sed

100 4237 160 4284 tres
172 4227 430 4308 eruntparticulae,
441 4226 673 4310 eonflstoequig
684 4247 722 4288 ex
733 4254 763 4304 γι
773 4227 874 4308 striga,
891 4235 925 4281 ut
938 4170 1008 4282 dant
1022 4228 1106 4300 ιιιίγι
1116 4225 1179 4309 elga,
1215 4253 1223 4264 ·

103 4307 245 4368 verbatim
268 4319 296 4370 et
321 4310 432 4390 quiden
445 4310 553 4390 igitm,
575 4327 665 4390 quare
675 4313 712 4388 τᾷ
723 4316 768 4370 ιιι
786 4312 838 4391 γὰρ
851 4302 948 4366 locum
962 4305 1102 4385 assignavi
1116 4316 1183 4386 post
