2650 4796
536 257 573 306 τι
588 259 664 306 rsr.
1097 247 1158 306 ott

156 415 199 474 ‘ri
209 410 236 474 δ’
250 416 300 492 sgr
311 416 440 495 &mgis
450 413 577 494 'septime
591 413 698 490 tinnis
711 409 800 489 xm

71 538 154 628 Quis
167 579 260 620 conso
274 569 326 632 est,
341 580 403 642 quoe
416 558 468 618 tili
481 559 622 618 dissuadet
636 559 745 620 mittere
756 557 852 637 filiam
874 557 1071 618 Hermionen?
1109 558 1160 618 El·
1192 585 1196 596 ·

65 639 161 718 lipsin
185 641 340 719 particule
361 641 396 700 ’ἔτι
416 639 577 719 suppletam
597 639 728 708 videmus
749 640 875 698 in·Act.
903 642 1008 718 Apost
1032 659 1095 718 cap.
1123 641 1161 700 V.

68 740 187 780 comm.
205 729 238 782 4.
279 721 414 800 Denique
432 721 571 798 queritur
590 721 627 780 de
648 740 736 781 ossus
754 719 831 780 finali
851 721 929 799 apud
950 721 1104 780 Demosth.
1124 719 1161 780 de

69 802 229 862 Cherson.
243 822 309 882 pag.
325 807 373 864 39.
394 803 430 862 Ti
451 800 481 865 ἕο
494 804 650 884 egueram
677 803 814 872 Quorsum
828 822 894 883 ergo
907 803 1018 862 mittitis
1031 801 1161 882 legatosi

70 881 284 963 supprimitur
296 884 344 944 bic
357 883 500 962 scalpim-
522 889 560 945 τί
569 881 596 946 ir
615 885 760 962 βολδμοοοοο
787 883 849 952 Quo
863 884 972 943 mente?
995 883 1056 952 Quo
1072 883 1161 942 consi·

67 961 135 1022 lio?
181 967 335 1044 Integrum
355 965 444 1024 habet
463 963 541 1024 idem
562 964 599 1024 de
621 965 690 1024 Cor.
709 984 776 1043 pag.
798 969 867 1025 836.
888 967 924 1025 τί
938 965 1069 1042 scalprus
1088 989 1159 1041 μοι.

68 1045 244 1123 πίμψοοοθιῑ
279 1047 340 1116 Quo
353 1044 468 1108 consilio
482 1045 684 1106 arcessivistis?
983 1125 993 1164 Ι

115 1207 245 1268 XVIII.
264 1208 421 1268 Particulae
442 1209 487 1268 Tl‘
508 1208 592 1278 rn'r3
616 1207 694 1268 vsrie
718 1217 881 1280 vertuntur,
904 1204 952 1266 vel
978 1206 1095 1286 quidni?
1117 1206 1162 1266 rel

69 1289 149 1368 quid
163 1289 261 1348 enim?
280 1287 328 1346 vel
341 1289 410 1380 guid
421 1289 530 1367 igitur?

118 1369 164 1426 Et
186 1367 283 1446 primo
303 1367 419 1444 quidem
439 1379 506 1446 post
529 1368 781 1446 interrogatIonenr
808 1367 972 1448 figuratam,
1000 1367 1164 1446 negativam

70 1447 138 1505 vim
150 1447 325 1520 habentem,
341 1447 464 1508 nominis
477 1459 610 1508 usturam
623 1467 682 1506 non
690 1449 811 1508 omnino
825 1449 918 1520 exuit,
939 1449 998 1507 imo
1011 1460 1107 1508 servet
1120 1449 1163 1506 in-

74 1539 213 1606 tegram,
234 1527 391 1589 dummodo
411 1529 502 1608 ellipsi
518 1529 615 1588 locum
629 1529 741 1602 demus,
762 1541 795 1588 ut
808 1541 841 1588 ut
854 1542 933 1589 recte
946 1529 1069 1591 vertitur
1082 1531 1164 1611 quid·

76 1609 134 1668 ni?
179 1609 273 1690 Apud
287 1609 455 1692 Euripidem
468 1611 498 1669 in
513 1611 565 1670 Or.
579 1630 606 1672 v.
619 1615 690 1671 481.
709 1621 793 1690 rogat
808 1609 989 1690 Tyndareus:

167 1773 288 1842 urrisun,
303 1774 465 1856 aegsfpdim
480 1801 520 1844 m,
535 1773 628 1836 risis-m
640 1777 723 1858 κίῃς

84 1935 238 2010 Menelos,
258 1959 296 1996 an
310 1935 460 2018 alloqueris
479 1959 552 2012 eum,
573 1940 711 2021 impurum
731 1940 834 2021 capati
882 1939 959 1998 Haec
979 1935 1167 2016 interrogatio

82 2017 224 2078 continet
244 2018 368 2097 aliquam
388 2020 588 2098 negationemr
610 2033 699 2100 negat
718 2021 796 2080 enim
809 2021 853 2080 fas
866 2039 929 2080 esse
942 2018 1089 2080 bominem
1106 2037 1167 2077 ms.

80 2098 223 2158 tricidsm
245 2101 427 2179 compellare.
472 2101 641 2181 Respondet
661 2101 829 2162 Menelaus:
851 2105 888 2162 τί
903 2103 969 2184 γάρ
993 2100 1043 2160 ubi
1062 2105 1092 2162 τί
1108 2117 1167 2160 non

79 2190 185 2256 potest
199 2182 267 2259 poni
281 2202 335 2259 pro
349 2182 392 2242 iul
405 2185 443 2253 τά·
461 2183 510 2262 qui
524 2183 602 2243 enim
616 2185 675 2244 est?
718 2184 793 2242 Nom
802 2192 925 2264 propter
944 2182 1031 2262 quid?
1050 2181 1102 2240 sed
1123 2181 1174 2240 in·

82 2259 232 2338 telligitur
243 2263 374 2333 verbum,
387 2264 478 2324 οιολύοο
492 2275 575 2342 puts,
589 2275 640 2324 aut
653 2263 755 2324 simile.
797 2267 832 2325 ‘rr'
842 2269 895 2348 peip
915 2264 1018 2333 susim
1044 2263 1122 2331 Qud
1139 2284 1168 2324 e·

79 2341 143 2400 nim
157 2343 292 2422 impedit?
334 2343 374 2402 Et
394 2343 451 2404 hoc
471 2343 566 2423 ipsum
586 2364 702 2424 quoque
723 2355 768 2406 est
788 2347 953 2414 brumali,
976 2343 1100 2423 repetito
1128 2363 1167 2406 ex

79 2422 328 2482 antecedentibus
348 2426 563 2507 ηοςφθίγξομοοο.
605 2425 745 2507 Alloquor
750 2450 763 2496 ,·
790 2427 860 2507 quid
871 2425 944 2484 enim
958 2425 1067 2486 obstat?

130 2503 270 2564 Secundo
296 2513 362 2583 post
384 2504 639 2582 interrogationem
662 2509 771 2566 nudam
792 2517 960 2599 rectamque
980 2509 1167 2566 vehementer

84 2582 213 2644 sffirmut
226 2585 256 2642 in
270 2584 513 2664 responsionibus,
534 2597 621 2665 stque
634 2587 672 2645 ad
684 2587 792 2647 nudam
812 2587 888 2646 illam
909 2586 1167 2666 interrogationem

84 2663 282 2744 interrogatio
294 2666 420 2744 figurata
432 2667 601 2744 responden
614 2677 646 2726 ut
660 2667 738 2746 apud
751 2667 825 2726 Plst.
836 2667 864 2724 in
881 2668 1007 2746 Sophist.
1017 2688 1084 2746 pag.
1095 2671 1167 2728 232.

84 2747 139 2804 ubi
155 2759 240 2825 roget
253 2747 367 2826 hospes,
381 2767 419 2806 an
434 2747 577 2826 Sophiste
595 2747 743 2827 discipulis
760 2747 929 2808 fucultatem
950 2749 1168 2808 contradicendi

85 2825 118 2884 in
134 2826 181 2886 his
195 2847 311 2908 quoque
325 2829 422 2900 rebus,
435 2847 500 2906 quae
513 2829 674 2890 manifeste
686 2829 744 2888 sint
759 2827 788 2887 in
802 2827 878 2888 coelo
892 2839 922 2886 et
932 2839 1021 2897 terra,
1041 2829 1172 2888 tribuere

84 2908 216 2986 possint?
260 2909 430 2989 Respondet
451 2909 633 2972 Theaetetus:
662 2911 776 2993 τίγοῗίμ
810 2908 922 2968 scilicet
949 2909 1049 2969 susis.
1092 2909 1170 2976 Quid

82 2990 163 3048 enim
177 2989 279 3063 obstat,
294 3011 347 3050 cur
364 3011 423 3050 non
442 2991 568 3068 possint?
610 2989 746 3069 Intellige
767 2989 882 3052 iiramu
896 2991 1059 3063 &nammis
1076 2993 1166 3058 ποιὲοο,

84 3071 158 3149 quia
171 3071 242 3130 nibil
256 3071 387 3152 impedit,
402 3091 460 3151 quo
473 3072 568 3132 minus
580 3073 701 3152 possint.

127 3151 247 3213 Tertius
261 3173 329 3212 usus
343 3165 388 3214 est
402 3157 488 3221 breis
502 3183 527 3215 π
542 3153 670 3228 ussisse,
684 3154 768 3232 cujus
780 3151 947 3231 exemplum
960 3161 1004 3210 est
1017 3149 1047 3208 in
1061 3149 1118 3230 Ep.
1132 3149 1171 3210 sd

85 3231 179 3291 Rom.
194 3251 257 3312 cap.
271 3235 329 3294 lll.
345 3253 449 3294 comm.
464 3241 496 3303 8.
509 3181 560 3296 uiri
580 3233 737 3314 objectioni
757 3244 861 3292 contre
879 3232 1049 3292 ludaeorum
1069 3233 1166 3310 gentis

87 3315 296 3392 praestantiam,
316 3336 401 3395 quam
423 3315 569 3395 precipue
583 3315 745 3395 Apostolus
765 3314 796 3373 in
809 3334 847 3374 eo
866 3315 1023 3374 consistere
1043 3313 1169 3386 dixerat,

88 3393 172 3472 quod
185 3393 241 3454 illis
254 3397 370 3457 oracula
390 3397 488 3458 divina
501 3409 584 3458 erant
597 3398 760 3469 commissa,
773 3415 930 3456 occurrens
943 3395 995 3456 aits
1017 3398 1054 3457 'rr'
1071 3400 1134 3478 vulg.
1148 3403 1168 3458 οὶ

87 3477 233 3542 irriserat·
246 3503 316 3548 rarus
338 3482 408 3544 Miri
429 3483 543 3540 scansis
562 3483 642 3540 osiris
655 3484 696 3544 τὶν
710 3482 795 3540 πίστιν
808 3481 842 3540 rii
861 3481 916 3540 Θιὲ
934 3481 1103 3561 magpirsrr
1125 3479 1171 3541 Mi

87 3555 193 3629 γίοοιτο.
237 3557 316 3626 Quis
326 3559 410 3631 enim,
422 3560 449 3618 si
462 3559 592 3620 nonnulli
604 3581 660 3621 non
675 3559 871 3620 crediderant?
893 3561 940 3619 An
953 3560 1077 3640 ipsorum
1090 3553 1169 3614 nudo

74 3637 254 3718 fidesfidem
268 3639 329 3699 Dei
340 3639 482 3700 mnas?
500 3641 594 3702 Adsit.

135 3722 265 3786 Quartus
279 3740 351 3780 usus
361 3732 405 3781 est
418 3721 448 3780 in
461 3721 696 3802 responsionibus
709 3719 892 3794 affirmativis,
912 3720 942 3779 in
956 3717 1060 3798 quibus
1074 3721 1102 3777 si
1116 3720 1169 3800 pig

90 3801 233 3864 rationem
244 3801 368 3881 llsgitat,
382 3823 434 3862 cur
447 3823 492 3877 es,
506 3824 572 3884 qus·
585 3803 752 3877 dictasunt,
773 3823 833 3865 non
846 3802 887 3862 ita
899 3821 931 3862 se
944 3801 1084 3859 habeant:
1104 3809 1136 3856 et
1145 3801 1175 3860 π’

91 3883 299 3962 interrogando
310 3895 409 3963 negat,
422 3883 506 3944 aliter
518 3905 550 3945 se
560 3905 622 3946 rem
636 3886 744 3948 habere
757 3905 816 3946 non
824 3901 919 3964 posse.
948 3881 992 3942 Ut
1002 3876 1081 3958 spud
1094 3876 1171 3940 Plnt.

90 3964 123 4024 in
135 3963 250 4024 Phaedr.
262 3984 330 4044 pag.
350 3970 420 4028 258.
441 3967 496 4048 [Τ.
519 3967 556 4025 X.
569 3987 598 4046 p.
613 3971 682 4028 349.
705 3967 752 4028 ed.
766 3966 851 4045 Bip.]
876 3964 1012 4024 Socrates
1024 3959 1080 4018 sit:
1101 3962 1171 4020 Tiro

90 4045 203 4139 pcis'r's'grs
215 4053 292 4107 sarri
302 4043 385 4120 discr,
399 4049 438 4108 'r‘rr
452 4051 486 4108 is
495 4054 601 4142 sirmis
614 4049 676 4118 eriri
689 4074 719 4123 γι
732 4057 760 4109 ri
773 4049 879 4131 γρίφων
896 4043 985 4118 sirpus·
1026 4041 1107 4122 Ergo
1119 4038 1172 4104 1⁸00

93 4127 204 4268 goden
224 4125 348 4186 omnibu
367 4138 408 4188 est
423 4147 612 4210 perspicuam,
633 4139 784 4211 nortorps
803 4145 862 4186 esse
880 4123 1001 4184 scribom
1021 4121 1171 4183 orationes.

125 4206 266 4286 espondet
278 4207 431 4270 Pbaedruss
443 4213 491 4292 ἱΤι’
500 4211 567 4293 γόος
593 4209 671 4279 Quid
682 4211 775 4270 enim?
794 4227 857 4279 seu,
874 4206 934 4266 Cur
946 4203 1040 4264 enimi
1060 4203 1173 4264 scilicet

93 4299 176 4376 turpe
187 4288 235 4352 rit.
277 4288 381 4354 Oratio
400 4303 465 4354 tota
482 4290 621 4375 elliptica,
639 4289 786 4356 nonnullis
809 4299 872 4351 tun
891 4296 971 4361 ante,
991 4295 1054 4347 tum
1067 4295 1134 4367 post
1147 4283 1177 4344 π’
