<?xml version="1.0" encoding="UTF-8"?>
<!DOCTYPE html PUBLIC "-//W3C//DTD XHTML 1.0 Transitional//EN"
    "http://www.w3.org/TR/xhtml1/DTD/xhtml1-transitional.dtd">
<html xmlns="http://www.w3.org/1999/xhtml" xml:lang="en" lang="en">
 <head>
  <title>
</title>
<meta http-equiv="Content-Type" content="text/html;charset=utf-8" />
  <meta name='ocr-system' content='tesseract 3.04.00' />
  <meta name='ocr-capabilities' content='ocr_page ocr_carea ocr_par ocr_line ocrx_word'/>
</head>
<body>
  <div class='ocr_page' id='page_1' title='image "./doctrinaparticu00schgoog_0446.png"; bbox 0 0 2640 4808; ppageno 0'>
   <div class='ocr_carea' id='block_1_1' title="bbox 526 249 1138 309">
    <p class='ocr_par' dir='ltr' id='par_1_1' title="bbox 526 249 1138 309">
     <span class='ocr_line' id='line_1_1' title="bbox 526 249 1138 309; baseline 0.011 -8"><span class='ocrx_word' id='word_1_1' title='bbox 526 253 691 302; x_wconf 69' lang='lat' dir='ltr'>ortuum·</span> <span class='ocrx_word' id='word_1_2' title='bbox 1079 249 1138 309; x_wconf 76' lang='lat' dir='ltr'>snt</span> 
     </span>
    </p>
   </div>
   <div class='ocr_carea' id='block_1_2' title="bbox 16 408 1149 1126">
    <p class='ocr_par' dir='ltr' id='par_1_2' title="bbox 16 408 1149 1126">
     <span class='ocr_line' id='line_1_2' title="bbox 16 408 1139 490; baseline 0.004 -22"><span class='ocrx_word' id='word_1_3' title='bbox 16 411 91 470; x_wconf 79' lang='lat' dir='ltr'>lam</span> <span class='ocrx_word' id='word_1_4' title='bbox 111 413 189 472; x_wconf 69' lang='lat' dir='ltr'>sss,</span> <span class='ocrx_word' id='word_1_5' title='bbox 203 410 290 470; x_wconf 82' lang='lat' dir='ltr'>fenile</span> <span class='ocrx_word' id='word_1_6' title='bbox 303 410 452 470; x_wconf 81' lang='lat' dir='ltr'>evicimus:</span> <span class='ocrx_word' id='word_1_7' title='bbox 473 408 525 467; x_wconf 83' lang='lat' dir='ltr'>sed</span> <span class='ocrx_word' id='word_1_8' title='bbox 548 409 619 488; x_wconf 90' lang='lat' dir='ltr'>quid</span> <span class='ocrx_word' id='word_1_9' title='bbox 640 411 790 482; x_wconf 74' lang='lat' dir='ltr'>faciemus,</span> <span class='ocrx_word' id='word_1_10' title='bbox 812 431 902 490; x_wconf 89' lang='lat' dir='ltr'>quum</span> <span class='ocrx_word' id='word_1_11' title='bbox 926 431 990 473; x_wconf 82' lang='lat' dir='ltr'>eom</span> <span class='ocrx_word' id='word_1_12' title='bbox 1005 431 1072 476; x_wconf 86' lang='lat' dir='ltr'>cum</span> <span class='ocrx_word' id='word_1_13' title='bbox 1086 414 1139 474; x_wconf 89' lang='lat' dir='ltr'>im-</span> 
     </span>
     <span class='ocr_line' id='line_1_3' title="bbox 18 491 1135 576; baseline 0.001 -28"><span class='ocrx_word' id='word_1_14' title='bbox 18 491 187 572; x_wconf 82' lang='lat' dir='ltr'>perativo</span> <span class='ocrx_word' id='word_1_15' title='bbox 203 504 401 552; x_wconf 80' lang='lat' dir='ltr'>constructam</span> <span class='ocrx_word' id='word_1_16' title='bbox 415 491 609 550; x_wconf 79' lang='lat' dir='ltr'>inveniemus?</span> <span class='ocrx_word' id='word_1_17' title='bbox 633 491 700 550; x_wconf 89' lang='lat' dir='ltr'>Non</span> <span class='ocrx_word' id='word_1_18' title='bbox 720 492 797 550; x_wconf 89' lang='lat' dir='ltr'>enirn</span> <span class='ocrx_word' id='word_1_19' title='bbox 819 495 988 572; x_wconf 77' lang='lat' dir='ltr'>interrogat,</span> <span class='ocrx_word' id='word_1_20' title='bbox 1011 497 1061 576; x_wconf 86' lang='lat' dir='ltr'>qui</span> <span class='ocrx_word' id='word_1_21' title='bbox 1082 498 1135 555; x_wconf 90' lang='lat' dir='ltr'>im.</span> 
     </span>
     <span class='ocr_line' id='line_1_4' title="bbox 20 571 1138 657; baseline 0.005 -27"><span class='ocrx_word' id='word_1_22' title='bbox 20 584 140 653; x_wconf 84' lang='lat' dir='ltr'>peret.</span> <span class='ocrx_word' id='word_1_23' title='bbox 185 575 285 634; x_wconf 86' lang='lat' dir='ltr'>Verba</span> <span class='ocrx_word' id='word_1_24' title='bbox 297 585 365 632; x_wconf 90' lang='lat' dir='ltr'>sunt</span> <span class='ocrx_word' id='word_1_25' title='bbox 379 572 507 631; x_wconf 77' lang='lat' dir='ltr'>Socratis</span> <span class='ocrx_word' id='word_1_26' title='bbox 521 571 598 650; x_wconf 83' lang='lat' dir='ltr'>apud</span> <span class='ocrx_word' id='word_1_27' title='bbox 612 572 687 631; x_wconf 85' lang='lat' dir='ltr'>Plst.</span> <span class='ocrx_word' id='word_1_28' title='bbox 702 572 731 630; x_wconf 91' lang='lat' dir='ltr'>in</span> <span class='ocrx_word' id='word_1_29' title='bbox 746 573 870 632; x_wconf 83' lang='lat' dir='ltr'>Phaedro</span> <span class='ocrx_word' id='word_1_30' title='bbox 884 595 950 654; x_wconf 79' lang='lat' dir='ltr'>pag.</span> <span class='ocrx_word' id='word_1_31' title='bbox 965 581 1033 641; x_wconf 71' lang='lat'>274.</span> <span class='ocrx_word' id='word_1_32' title='bbox 1054 578 1138 657; x_wconf 90' lang='lat' dir='ltr'>[Bip.</span> 
     </span>
     <span class='ocr_line' id='line_1_5' title="bbox 23 655 1137 739; baseline 0.004 -25"><span class='ocrx_word' id='word_1_33' title='bbox 23 656 73 714; x_wconf 84' lang='lat' dir='ltr'>X.</span> <span class='ocrx_word' id='word_1_34' title='bbox 102 657 205 732; x_wconf 79' lang='grc'><strong>379.]</strong></span> <span class='ocrx_word' id='word_1_35' title='bbox 252 660 334 716; x_wconf 64' lang='lat' dir='ltr'>otus·</span> <span class='ocrx_word' id='word_1_36' title='bbox 347 661 375 714; x_wconf 77' lang='lat' dir='ltr'>ri</span> <span class='ocrx_word' id='word_1_37' title='bbox 387 657 431 732; x_wconf 67' lang='lat' dir='ltr'>peis</span> <span class='ocrx_word' id='word_1_38' title='bbox 445 655 531 731; x_wconf 59' lang='grc' dir='ltr'>τέχνης</span> <span class='ocrx_word' id='word_1_39' title='bbox 545 680 572 713; x_wconf 86' lang='lat' dir='ltr'>rr</span> <span class='ocrx_word' id='word_1_40' title='bbox 585 660 630 714; x_wconf 67' lang='lat' dir='ltr'>nsi</span> <span class='ocrx_word' id='word_1_41' title='bbox 649 657 763 732; x_wconf 63' lang='lat' dir='ltr'>sissxsirss</span> <span class='ocrx_word' id='word_1_42' title='bbox 778 657 859 728; x_wconf 64' lang='lat' dir='ltr'>nisus</span> <span class='ocrx_word' id='word_1_43' title='bbox 881 657 935 739; x_wconf 62' lang='lat' dir='ltr'>siga</span> <span class='ocrx_word' id='word_1_44' title='bbox 950 660 1037 726; x_wconf 61' lang='lat' dir='ltr'>inus&amp;</span> <span class='ocrx_word' id='word_1_45' title='bbox 1052 660 1137 736; x_wconf 58' lang='lat' dir='ltr'>inires.</span> 
     </span>
     <span class='ocr_line' id='line_1_6' title="bbox 29 733 1141 830; baseline 0.007 -36"><span class='ocrx_word' id='word_1_46' title='bbox 29 738 125 796; x_wconf 83' lang='lat' dir='ltr'><strong>Item</strong></span> <span class='ocrx_word' id='word_1_47' title='bbox 142 757 216 817; x_wconf 80' lang='lat' dir='ltr'>pag.</span> <span class='ocrx_word' id='word_1_48' title='bbox 238 741 276 800; x_wconf 70' lang='lat'>27</span> <span class='ocrx_word' id='word_1_49' title='bbox 278 741 305 795; x_wconf 89' lang='lat'>8.</span> <span class='ocrx_word' id='word_1_50' title='bbox 324 735 408 816; x_wconf 82' lang='lat' dir='ltr'>[Bip.</span> <span class='ocrx_word' id='word_1_51' title='bbox 422 738 511 812; x_wconf 84' lang='grc'><strong>888.]</strong></span> <span class='ocrx_word' id='word_1_52' title='bbox 558 739 642 796; x_wconf 70' lang='grc' dir='ltr'><strong><em>Οὗκῧν</em></strong></span> <span class='ocrx_word' id='word_1_53' title='bbox 656 733 699 801; x_wconf 73' lang='lat' dir='ltr'>iids</span> <span class='ocrx_word' id='word_1_54' title='bbox 712 740 840 796; x_wconf 65' lang='lat' dir='ltr'>mentm</span> <span class='ocrx_word' id='word_1_55' title='bbox 852 741 955 830; x_wconf 58' lang='grc' dir='ltr'>μῐτςίυς</span> <span class='ocrx_word' id='word_1_56' title='bbox 969 743 1024 816; x_wconf 68' lang='grc' dir='ltr'>ἡμῖν</span> <span class='ocrx_word' id='word_1_57' title='bbox 1033 740 1070 801; x_wconf 80' lang='lat' dir='ltr'>roi</span> <span class='ocrx_word' id='word_1_58' title='bbox 1083 748 1141 824; x_wconf 67' lang='lat' dir='ltr'>aetgi</span> 
     </span>
     <span class='ocr_line' id='line_1_7' title="bbox 29 813 1149 898; baseline 0 -18"><span class='ocrx_word' id='word_1_59' title='bbox 29 819 143 890; x_wconf 66' lang='grc' dir='ltr'>λόγων.</span> <span class='ocrx_word' id='word_1_60' title='bbox 191 817 271 878; x_wconf 87' lang='lat' dir='ltr'>Ecce</span> <span class='ocrx_word' id='word_1_61' title='bbox 285 821 354 884; x_wconf 65' lang='lat' dir='ltr'>inis,</span> <span class='ocrx_word' id='word_1_62' title='bbox 371 813 480 875; x_wconf 81' lang='lat' dir='ltr'><strong>dixerit</strong></span> <span class='ocrx_word' id='word_1_63' title='bbox 500 815 613 894; x_wconf 76' lang='lat' dir='ltr'>aliquis,</span> <span class='ocrx_word' id='word_1_64' title='bbox 628 816 735 875; x_wconf 76' lang='lat' dir='ltr'>diserte</span> <span class='ocrx_word' id='word_1_65' title='bbox 753 835 805 894; x_wconf 90' lang='lat' dir='ltr'>pro</span> <span class='ocrx_word' id='word_1_66' title='bbox 819 817 939 896; x_wconf 84' lang='lat' dir='ltr'>simphci</span> <span class='ocrx_word' id='word_1_67' title='bbox 960 845 987 880; x_wconf 74' lang='lat' dir='ltr'>ss</span> <span class='ocrx_word' id='word_1_68' title='bbox 1000 821 1149 898; x_wconf 82' lang='lat' dir='ltr'>positum..</span> 
     </span>
     <span class='ocr_line' id='line_1_8' title="bbox 27 898 1144 980; baseline 0.001 -20"><span class='ocrx_word' id='word_1_69' title='bbox 27 902 127 979; x_wconf 87' lang='lat' dir='ltr'>Ergo</span> <span class='ocrx_word' id='word_1_70' title='bbox 143 902 185 960; x_wconf 84' lang='lat' dir='ltr'>de</span> <span class='ocrx_word' id='word_1_71' title='bbox 197 909 261 960; x_wconf 83' lang='lat' dir='ltr'>orte</span> <span class='ocrx_word' id='word_1_72' title='bbox 275 909 302 958; x_wconf 83' lang='lat' dir='ltr'>et</span> <span class='ocrx_word' id='word_1_73' title='bbox 314 899 466 980; x_wconf 71' lang='lat' dir='ltr'>impetitio,</span> <span class='ocrx_word' id='word_1_74' title='bbox 480 915 545 974; x_wconf 72' lang='lat' dir='ltr'>qna</span> <span class='ocrx_word' id='word_1_75' title='bbox 558 899 588 955; x_wconf 81' lang='lat' dir='ltr'>in</span> <span class='ocrx_word' id='word_1_76' title='bbox 602 898 719 957; x_wconf 79' lang='lat' dir='ltr'>dicrrrdo</span> <span class='ocrx_word' id='word_1_77' title='bbox 740 909 879 971; x_wconf 64' lang='lat' dir='ltr'>natatur,</span> <span class='ocrx_word' id='word_1_78' title='bbox 893 901 962 958; x_wconf 82' lang='lat' dir='ltr'>sotis</span> <span class='ocrx_word' id='word_1_79' title='bbox 972 902 1075 960; x_wconf 80' lang='lat' dir='ltr'>dietum</span> <span class='ocrx_word' id='word_1_80' title='bbox 1090 921 1144 961; x_wconf 60' lang='grc' dir='ltr'>θεν</span> 
     </span>
     <span class='ocr_line' id='line_1_9' title="bbox 25 978 1131 1060; baseline 0.002 -20"><span class='ocrx_word' id='word_1_81' title='bbox 25 991 73 1040; x_wconf 80' lang='lat' dir='ltr'>to.</span> <span class='ocrx_word' id='word_1_82' title='bbox 130 982 190 1042; x_wconf 82' lang='lat' dir='ltr'>Et:</span> <span class='ocrx_word' id='word_1_83' title='bbox 211 981 292 1060; x_wconf 83' lang='lat' dir='ltr'>Ergo</span> <span class='ocrx_word' id='word_1_84' title='bbox 294 984 361 1060; x_wconf 84' lang='lat' dir='ltr'>jam</span> <span class='ocrx_word' id='word_1_85' title='bbox 375 979 411 1039; x_wconf 82' lang='lat' dir='ltr'>ds</span> <span class='ocrx_word' id='word_1_86' title='bbox 423 987 486 1038; x_wconf 83' lang='lat' dir='ltr'>orte</span> <span class='ocrx_word' id='word_1_87' title='bbox 506 979 648 1038; x_wconf 73' lang='lat' dir='ltr'>dicendis</span> <span class='ocrx_word' id='word_1_88' title='bbox 670 978 758 1047; x_wconf 81' lang='lat' dir='ltr'>nodis,</span> <span class='ocrx_word' id='word_1_89' title='bbox 773 981 855 1060; x_wconf 81' lang='lat' dir='ltr'>quasi</span> <span class='ocrx_word' id='word_1_90' title='bbox 877 979 1047 1056; x_wconf 71' lang='lat' dir='ltr'>ludibundis,</span> <span class='ocrx_word' id='word_1_91' title='bbox 1060 984 1131 1042; x_wconf 83' lang='lat' dir='ltr'>sotis</span> 
     </span>
     <span class='ocr_line' id='line_1_10' title="bbox 29 1065 308 1126; baseline -0.025 0"><span class='ocrx_word' id='word_1_92' title='bbox 29 1066 101 1126; x_wconf 78' lang='lat' dir='ltr'>toec</span> <span class='ocrx_word' id='word_1_93' title='bbox 116 1065 201 1124; x_wconf 63' lang='lat' dir='ltr'>dabra</span> <span class='ocrx_word' id='word_1_94' title='bbox 217 1070 308 1120; x_wconf 80' lang='lat' dir='ltr'>sunto.</span> 
     </span>
    </p>
   </div>
   <div class='ocr_carea' id='block_1_3' title="bbox 32 1224 1138 2284">
    <p class='ocr_par' dir='ltr' id='par_1_3' title="bbox 32 1224 1138 2284">
     <span class='ocr_line' id='line_1_11' title="bbox 73 1224 1129 1308; baseline 0.001 -18"><span class='ocrx_word' id='word_1_95' title='bbox 73 1224 173 1292; x_wconf 90' lang='lat' dir='ltr'><strong>VIII.</strong></span> <span class='ocrx_word' id='word_1_96' title='bbox 195 1229 334 1308; x_wconf 89' lang='lat' dir='ltr'>Denique</span> <span class='ocrx_word' id='word_1_97' title='bbox 347 1229 522 1306; x_wconf 85' lang='lat' dir='ltr'>affinguntur</span> <span class='ocrx_word' id='word_1_98' title='bbox 540 1229 609 1288; x_wconf 87' lang='lat' dir='ltr'>huic</span> <span class='ocrx_word' id='word_1_99' title='bbox 622 1228 772 1308; x_wconf 83' lang='lat' dir='ltr'>perticulae</span> <span class='ocrx_word' id='word_1_100' title='bbox 787 1230 873 1288; x_wconf 86' lang='lat' dir='ltr'>variae</span> <span class='ocrx_word' id='word_1_101' title='bbox 893 1230 1129 1308; x_wconf 79' lang='lat' dir='ltr'>significationes,</span> 
     </span>
     <span class='ocr_line' id='line_1_12' title="bbox 32 1309 1136 1396; baseline -0.004 -22"><span class='ocrx_word' id='word_1_102' title='bbox 32 1335 107 1396; x_wconf 82' lang='lat' dir='ltr'>quae</span> <span class='ocrx_word' id='word_1_103' title='bbox 122 1327 229 1373; x_wconf 86' lang='lat' dir='ltr'>tamen</span> <span class='ocrx_word' id='word_1_104' title='bbox 243 1311 315 1367; x_wconf 87' lang='lat' dir='ltr'>nulli</span> <span class='ocrx_word' id='word_1_105' title='bbox 339 1311 387 1368; x_wconf 80' lang='lat' dir='ltr'>alii</span> <span class='ocrx_word' id='word_1_106' title='bbox 401 1311 453 1382; x_wconf 86' lang='lat' dir='ltr'>rei,</span> <span class='ocrx_word' id='word_1_107' title='bbox 467 1309 521 1367; x_wconf 90' lang='lat' dir='ltr'>nisi</span> <span class='ocrx_word' id='word_1_108' title='bbox 534 1311 618 1368; x_wconf 89' lang='lat' dir='ltr'>nudis</span> <span class='ocrx_word' id='word_1_109' title='bbox 641 1312 831 1390; x_wconf 80' lang='lat' dir='ltr'>interpretum</span> <span class='ocrx_word' id='word_1_110' title='bbox 855 1313 1033 1372; x_wconf 74' lang='lat' dir='ltr'>versionibus</span> <span class='ocrx_word' id='word_1_111' title='bbox 1047 1314 1136 1391; x_wconf 84' lang='lat' dir='ltr'>origi-</span> 
     </span>
     <span class='ocr_line' id='line_1_13' title="bbox 35 1389 1135 1459; baseline -0.002 -4"><span class='ocrx_word' id='word_1_112' title='bbox 35 1415 114 1455; x_wconf 86' lang='lat' dir='ltr'>nem</span> <span class='ocrx_word' id='word_1_113' title='bbox 130 1411 218 1453; x_wconf 85' lang='lat' dir='ltr'>sunm</span> <span class='ocrx_word' id='word_1_114' title='bbox 239 1389 359 1459; x_wconf 85' lang='lat' dir='ltr'>debent;</span> <span class='ocrx_word' id='word_1_115' title='bbox 379 1391 473 1449; x_wconf 85' lang='lat' dir='ltr'>solent</span> <span class='ocrx_word' id='word_1_116' title='bbox 496 1391 572 1448; x_wconf 91' lang='lat' dir='ltr'>enim</span> <span class='ocrx_word' id='word_1_117' title='bbox 586 1392 718 1450; x_wconf 90' lang='lat' dir='ltr'>notiones</span> <span class='ocrx_word' id='word_1_118' title='bbox 740 1407 770 1451; x_wconf 90' lang='lat' dir='ltr'>et</span> <span class='ocrx_word' id='word_1_119' title='bbox 792 1412 860 1452; x_wconf 84' lang='lat' dir='ltr'>usus</span> <span class='ocrx_word' id='word_1_120' title='bbox 879 1393 1033 1454; x_wconf 78' lang='lat' dir='ltr'>confundi:</span> <span class='ocrx_word' id='word_1_121' title='bbox 1054 1395 1135 1454; x_wconf 85' lang='lat' dir='ltr'>notio</span> 
     </span>
     <span class='ocr_line' id='line_1_14' title="bbox 38 1473 1136 1554; baseline -0.002 -18"><span class='ocrx_word' id='word_1_122' title='bbox 38 1489 90 1536; x_wconf 88' lang='lat' dir='ltr'>est</span> <span class='ocrx_word' id='word_1_123' title='bbox 107 1475 268 1542; x_wconf 83' lang='lat' dir='ltr'>inhaerens,</span> <span class='ocrx_word' id='word_1_124' title='bbox 282 1473 409 1550; x_wconf 82' lang='lat' dir='ltr'>propria,</span> <span class='ocrx_word' id='word_1_125' title='bbox 423 1483 514 1542; x_wconf 70' lang='lat' dir='ltr'>certs5</span> <span class='ocrx_word' id='word_1_126' title='bbox 537 1489 605 1530; x_wconf 89' lang='lat' dir='ltr'>usus</span> <span class='ocrx_word' id='word_1_127' title='bbox 617 1487 719 1549; x_wconf 81' lang='lat' dir='ltr'>vagus,</span> <span class='ocrx_word' id='word_1_128' title='bbox 733 1474 852 1546; x_wconf 77' lang='lat' dir='ltr'>alienus,</span> <span class='ocrx_word' id='word_1_129' title='bbox 868 1474 1009 1543; x_wconf 63' lang='lat' dir='ltr'>incertum</span> <span class='ocrx_word' id='word_1_130' title='bbox 1030 1493 1136 1554; x_wconf 89' lang='lat' dir='ltr'>neque,</span> 
     </span>
     <span class='ocr_line' id='line_1_15' title="bbox 41 1551 1136 1638; baseline 0 -23"><span class='ocrx_word' id='word_1_131' title='bbox 41 1567 141 1638; x_wconf 91' lang='lat' dir='ltr'>prout</span> <span class='ocrx_word' id='word_1_132' title='bbox 157 1573 281 1634; x_wconf 84' lang='lat' dir='ltr'>quaeque</span> <span class='ocrx_word' id='word_1_133' title='bbox 294 1553 387 1612; x_wconf 89' lang='lat' dir='ltr'>versio</span> <span class='ocrx_word' id='word_1_134' title='bbox 401 1551 535 1631; x_wconf 82' lang='lat' dir='ltr'>quadret,</span> <span class='ocrx_word' id='word_1_135' title='bbox 556 1571 653 1614; x_wconf 86' lang='lat' dir='ltr'>veram</span> <span class='ocrx_word' id='word_1_136' title='bbox 667 1554 905 1632; x_wconf 84' lang='lat' dir='ltr'>significationem</span> <span class='ocrx_word' id='word_1_137' title='bbox 929 1555 1046 1615; x_wconf 82' lang='lat' dir='ltr'>indicet.</span> <span class='ocrx_word' id='word_1_138' title='bbox 1088 1557 1136 1616; x_wconf 82' lang='lat' dir='ltr'>Its</span> 
     </span>
     <span class='ocr_line' id='line_1_16' title="bbox 50 1633 1138 1716; baseline -0.002 -19"><span class='ocrx_word' id='word_1_139' title='bbox 50 1643 120 1699; x_wconf 65' lang='grc' dir='ltr'>ὲιὲι</span> <span class='ocrx_word' id='word_1_140' title='bbox 134 1637 220 1696; x_wconf 83' lang='lat' dir='ltr'>aiunt</span> <span class='ocrx_word' id='word_1_141' title='bbox 234 1634 395 1714; x_wconf 79' lang='lat' dir='ltr'>significare</span> <span class='ocrx_word' id='word_1_142' title='bbox 409 1654 515 1713; x_wconf 82' lang='lat' dir='ltr'>nempe,</span> <span class='ocrx_word' id='word_1_143' title='bbox 529 1635 677 1705; x_wconf 65' lang='lat' dir='ltr'>enimuero,</span> <span class='ocrx_word' id='word_1_144' title='bbox 692 1633 806 1706; x_wconf 62' lang='lat' dir='ltr'>scilicet</span> <span class='ocrx_word' id='word_1_145' title='bbox 820 1636 924 1716; x_wconf 80' lang='lat' dir='ltr'>itaque.</span> <span class='ocrx_word' id='word_1_146' title='bbox 952 1639 1026 1702; x_wconf 83' lang='lat' dir='ltr'>Quse</span> <span class='ocrx_word' id='word_1_147' title='bbox 1040 1637 1138 1696; x_wconf 79' lang='lat' dir='ltr'>omnis</span> 
     </span>
     <span class='ocr_line' id='line_1_17' title="bbox 45 1713 1136 1797; baseline 0 -19"><span class='ocrx_word' id='word_1_148' title='bbox 45 1719 135 1778; x_wconf 91' lang='lat' dir='ltr'>nullo</span> <span class='ocrx_word' id='word_1_149' title='bbox 159 1717 218 1776; x_wconf 84' lang='lat' dir='ltr'>alio</span> <span class='ocrx_word' id='word_1_150' title='bbox 231 1716 363 1774; x_wconf 87' lang='lat' dir='ltr'>nituntur</span> <span class='ocrx_word' id='word_1_151' title='bbox 383 1713 582 1785; x_wconf 74' lang='lat' dir='ltr'>fundamento,</span> <span class='ocrx_word' id='word_1_152' title='bbox 598 1714 651 1772; x_wconf 88' lang='lat' dir='ltr'>nisi</span> <span class='ocrx_word' id='word_1_153' title='bbox 668 1715 747 1792; x_wconf 92' lang='lat' dir='ltr'>quod</span> <span class='ocrx_word' id='word_1_154' title='bbox 766 1717 909 1774; x_wconf 84' lang='lat' dir='ltr'>nonnuliis</span> <span class='ocrx_word' id='word_1_155' title='bbox 931 1717 1043 1776; x_wconf 82' lang='lat' dir='ltr'>casibus</span> <span class='ocrx_word' id='word_1_156' title='bbox 1066 1737 1136 1797; x_wconf 86' lang='lat' dir='ltr'>qua·</span> 
     </span>
     <span class='ocr_line' id='line_1_18' title="bbox 47 1795 1132 1876; baseline -0.001 -18"><span class='ocrx_word' id='word_1_157' title='bbox 47 1801 161 1859; x_wconf 84' lang='lat' dir='ltr'>drent:</span> <span class='ocrx_word' id='word_1_158' title='bbox 182 1797 235 1858; x_wconf 89' lang='lat' dir='ltr'>sed</span> <span class='ocrx_word' id='word_1_159' title='bbox 249 1817 280 1856; x_wconf 86' lang='lat' dir='ltr'>re</span> <span class='ocrx_word' id='word_1_160' title='bbox 294 1795 460 1874; x_wconf 87' lang='lat' dir='ltr'>diligentius</span> <span class='ocrx_word' id='word_1_161' title='bbox 474 1795 483 1852; x_wconf 97' lang='lat' dir='ltr'>i</span> <span class='ocrx_word' id='word_1_162' title='bbox 538 1805 603 1852; x_wconf 76' lang='lat' dir='ltr'>ecta</span> <span class='ocrx_word' id='word_1_163' title='bbox 616 1813 730 1872; x_wconf 85' lang='lat' dir='ltr'>semper</span> <span class='ocrx_word' id='word_1_164' title='bbox 749 1807 832 1873; x_wconf 83' lang='lat' dir='ltr'>potet</span> <span class='ocrx_word' id='word_1_165' title='bbox 845 1817 881 1856; x_wconf 87' lang='lat' dir='ltr'>es</span> <span class='ocrx_word' id='word_1_166' title='bbox 893 1808 1035 1875; x_wconf 67' lang='lat' dir='ltr'>potestas·</span> <span class='ocrx_word' id='word_1_167' title='bbox 1047 1817 1132 1876; x_wconf 83' lang='lat' dir='ltr'>quem</span> 
     </span>
     <span class='ocr_line' id='line_1_19' title="bbox 45 1874 1132 1959; baseline -0.008 -20"><span class='ocrx_word' id='word_1_168' title='bbox 45 1881 80 1939; x_wconf 88' lang='lat' dir='ltr'>in</span> <span class='ocrx_word' id='word_1_169' title='bbox 100 1879 248 1959; x_wconf 90' lang='lat' dir='ltr'>principio</span> <span class='ocrx_word' id='word_1_170' title='bbox 262 1878 347 1955; x_wconf 91' lang='lat' dir='ltr'>hujus</span> <span class='ocrx_word' id='word_1_171' title='bbox 361 1876 497 1936; x_wconf 85' lang='lat' dir='ltr'>sectionis</span> <span class='ocrx_word' id='word_1_172' title='bbox 533 1874 588 1933; x_wconf 92' lang='lat' dir='ltr'>edi.</span> <span class='ocrx_word' id='word_1_173' title='bbox 631 1875 679 1934; x_wconf 83' lang='lat' dir='ltr'>lta</span> <span class='ocrx_word' id='word_1_174' title='bbox 692 1895 865 1954; x_wconf 80' lang='lat' dir='ltr'>quamquam</span> <span class='ocrx_word' id='word_1_175' title='bbox 874 1879 958 1956; x_wconf 74' lang='lat' dir='ltr'>utqui</span> <span class='ocrx_word' id='word_1_176' title='bbox 972 1897 1031 1936; x_wconf 90' lang='lat' dir='ltr'>non</span> <span class='ocrx_word' id='word_1_177' title='bbox 1045 1879 1132 1956; x_wconf 86' lang='lat' dir='ltr'>signi.</span> 
     </span>
     <span class='ocr_line' id='line_1_20' title="bbox 47 1953 1137 2037; baseline -0.005 -16"><span class='ocrx_word' id='word_1_178' title='bbox 47 1963 134 2030; x_wconf 77' lang='lat' dir='ltr'>iicet,</span> <span class='ocrx_word' id='word_1_179' title='bbox 151 1971 249 2018; x_wconf 81' lang='lat' dir='ltr'>tamen</span> <span class='ocrx_word' id='word_1_180' title='bbox 266 1958 370 2018; x_wconf 88' lang='lat' dir='ltr'>merito</span> <span class='ocrx_word' id='word_1_181' title='bbox 383 1975 590 2034; x_wconf 81' lang='lat' dir='ltr'>nonnunquam</span> <span class='ocrx_word' id='word_1_182' title='bbox 604 1955 646 2014; x_wconf 86' lang='lat' dir='ltr'>sie</span> <span class='ocrx_word' id='word_1_183' title='bbox 660 1953 801 2016; x_wconf 83' lang='lat' dir='ltr'>redditur.</span> <span class='ocrx_word' id='word_1_184' title='bbox 846 1959 884 2016; x_wconf 87' lang='lat' dir='ltr'>Et</span> <span class='ocrx_word' id='word_1_185' title='bbox 898 1957 966 2036; x_wconf 85' lang='lat' dir='ltr'>quis</span> <span class='ocrx_word' id='word_1_186' title='bbox 978 1960 1137 2037; x_wconf 79' lang='lat' dir='ltr'>interroga·</span> 
     </span>
     <span class='ocr_line' id='line_1_21' title="bbox 49 2037 1138 2118; baseline -0.004 -16"><span class='ocrx_word' id='word_1_187' title='bbox 49 2043 94 2102; x_wconf 86' lang='lat' dir='ltr'>tio</span> <span class='ocrx_word' id='word_1_188' title='bbox 109 2041 246 2118; x_wconf 78' lang='lat' dir='ltr'>negative</span> <span class='ocrx_word' id='word_1_189' title='bbox 261 2051 291 2098; x_wconf 89' lang='lat' dir='ltr'>et</span> <span class='ocrx_word' id='word_1_190' title='bbox 315 2039 480 2098; x_wconf 81' lang='lat' dir='ltr'>conclusive</span> <span class='ocrx_word' id='word_1_191' title='bbox 494 2037 644 2116; x_wconf 82' lang='lat' dir='ltr'>proposito</span> <span class='ocrx_word' id='word_1_192' title='bbox 667 2037 862 2098; x_wconf 75' lang='lat' dir='ltr'>affirmationis</span> <span class='ocrx_word' id='word_1_193' title='bbox 875 2051 1007 2098; x_wconf 81' lang='lat' dir='ltr'>naturum</span> <span class='ocrx_word' id='word_1_194' title='bbox 1020 2040 1138 2118; x_wconf 83' lang='lat' dir='ltr'>accipit,</span> 
     </span>
     <span class='ocr_line' id='line_1_22' title="bbox 46 2117 1136 2200; baseline -0.004 -18"><span class='ocrx_word' id='word_1_195' title='bbox 46 2123 249 2191; x_wconf 84' lang='lat' dir='ltr'>hincfsctum,</span> <span class='ocrx_word' id='word_1_196' title='bbox 265 2131 298 2178; x_wconf 90' lang='lat' dir='ltr'>ut</span> <span class='ocrx_word' id='word_1_197' title='bbox 312 2124 374 2179; x_wconf 68' lang='lat' dir='ltr'>infir</span> <span class='ocrx_word' id='word_1_198' title='bbox 389 2119 503 2178; x_wconf 85' lang='lat' dir='ltr'>dicetur</span> <span class='ocrx_word' id='word_1_199' title='bbox 515 2117 679 2196; x_wconf 78' lang='lat' dir='ltr'>significare</span> <span class='ocrx_word' id='word_1_200' title='bbox 688 2122 827 2200; x_wconf 70' lang='lat' dir='ltr'>prsffctto.</span> <span class='ocrx_word' id='word_1_201' title='bbox 870 2119 907 2178; x_wconf 86' lang='lat' dir='ltr'>E.</span> <span class='ocrx_word' id='word_1_202' title='bbox 921 2139 951 2198; x_wconf 85' lang='lat' dir='ltr'>g.</span> <span class='ocrx_word' id='word_1_203' title='bbox 965 2119 1037 2179; x_wconf 88' lang='lat' dir='ltr'>dicit</span> <span class='ocrx_word' id='word_1_204' title='bbox 1051 2120 1136 2178; x_wconf 86' lang='lat' dir='ltr'>OEdi-</span> 
     </span>
     <span class='ocr_line' id='line_1_23' title="bbox 53 2199 736 2284; baseline -0.004 -20"><span class='ocrx_word' id='word_1_205' title='bbox 53 2225 109 2284; x_wconf 87' lang='lat' dir='ltr'>pus</span> <span class='ocrx_word' id='word_1_206' title='bbox 122 2201 201 2282; x_wconf 80' lang='lat' dir='ltr'>opud</span> <span class='ocrx_word' id='word_1_207' title='bbox 215 2200 385 2279; x_wconf 86' lang='lat' dir='ltr'>Euripidem</span> <span class='ocrx_word' id='word_1_208' title='bbox 399 2199 429 2258; x_wconf 87' lang='lat' dir='ltr'>io</span> <span class='ocrx_word' id='word_1_209' title='bbox 443 2199 587 2258; x_wconf 86' lang='lat' dir='ltr'>Phoeniss.</span> <span class='ocrx_word' id='word_1_210' title='bbox 600 2219 627 2258; x_wconf 88' lang='lat' dir='ltr'>v.</span> <span class='ocrx_word' id='word_1_211' title='bbox 648 2203 736 2261; x_wconf 79' lang='lat'><strong>1688.</strong></span> 
     </span>
    </p>
   </div>
   <div class='ocr_carea' id='block_1_4' title="bbox 57 2362 1120 2774">
    <p class='ocr_par' dir='ltr' id='par_1_4' title="bbox 57 2362 1120 2774">
     <span class='ocr_line' id='line_1_24' title="bbox 124 2362 737 2447; baseline -0.005 -19"><span class='ocrx_word' id='word_1_212' title='bbox 124 2369 235 2428; x_wconf 68' lang='lat' dir='ltr'>&#39;&#39;Onon&#39;&#39;</span> <span class='ocrx_word' id='word_1_213' title='bbox 248 2363 272 2428; x_wconf 79' lang='lat' dir='ltr'>ir</span> <span class='ocrx_word' id='word_1_214' title='bbox 283 2365 353 2447; x_wconf 64' lang='lat' dir='ltr'>tis-“it</span> <span class='ocrx_word' id='word_1_215' title='bbox 367 2366 396 2441; x_wconf 81' lang='grc' dir='ltr'>μ’</span> <span class='ocrx_word' id='word_1_216' title='bbox 410 2365 512 2436; x_wconf 65' lang='lat' dir='ltr'>si&#39;nsssr’,</span> <span class='ocrx_word' id='word_1_217' title='bbox 524 2365 548 2426; x_wconf 77' lang='lat' dir='ltr'>‘ir</span> <span class='ocrx_word' id='word_1_218' title='bbox 562 2362 585 2424; x_wconf 60' lang='grc' dir='ltr'>δ’</span> <span class='ocrx_word' id='word_1_219' title='bbox 598 2365 737 2426; x_wconf 63' lang='lat' dir='ltr'>intineris·</span> 
     </span>
     <span class='ocr_line' id='line_1_25' title="bbox 57 2525 1120 2611; baseline -0.001 -19"><span class='ocrx_word' id='word_1_220' title='bbox 57 2530 141 2594; x_wconf 83' lang='lat' dir='ltr'>Perii</span> <span class='ocrx_word' id='word_1_221' title='bbox 149 2553 159 2589; x_wconf 90' lang='lat'>.·</span> <span class='ocrx_word' id='word_1_222' title='bbox 181 2549 253 2588; x_wconf 83' lang='lat' dir='ltr'>unus</span> <span class='ocrx_word' id='word_1_223' title='bbox 267 2527 331 2586; x_wconf 82' lang='lat' dir='ltr'>dics</span> <span class='ocrx_word' id='word_1_224' title='bbox 344 2547 386 2585; x_wconf 87' lang='lat' dir='ltr'>ms</span> <span class='ocrx_word' id='word_1_225' title='bbox 400 2525 502 2598; x_wconf 71' lang='lat' dir='ltr'>besod,</span> <span class='ocrx_word' id='word_1_226' title='bbox 515 2549 587 2586; x_wconf 69' lang='lat' dir='ltr'>ostro</span> <span class='ocrx_word' id='word_1_227' title='bbox 595 2529 732 2608; x_wconf 79' lang='lat' dir='ltr'>perdidit.</span> <span class='ocrx_word' id='word_1_228' title='bbox 773 2529 944 2611; x_wconf 84' lang='lat' dir='ltr'>Respondet</span> <span class='ocrx_word' id='word_1_229' title='bbox 957 2531 1120 2611; x_wconf 80' lang='lat' dir='ltr'>Antigone:</span> 
     </span>
     <span class='ocr_line' id='line_1_26' title="bbox 65 2685 724 2774; baseline -0.005 -15"><span class='ocrx_word' id='word_1_230' title='bbox 65 2685 70 2700; x_wconf 42' lang='grc' dir='ltr'>Ι</span> <span class='ocrx_word' id='word_1_231' title='bbox 140 2701 222 2758; x_wconf 56' lang='lat' dir='ltr'>oizi,</span> <span class='ocrx_word' id='word_1_232' title='bbox 234 2699 371 2774; x_wconf 75' lang='grc' dir='ltr'>μτισχιῒν</span> <span class='ocrx_word' id='word_1_233' title='bbox 383 2693 453 2774; x_wconf 58' lang='lat' dir='ltr'>stipsi</span> <span class='ocrx_word' id='word_1_234' title='bbox 465 2692 505 2754; x_wconf 67' lang='lat' dir='ltr'>iu*</span> <span class='ocrx_word' id='word_1_235' title='bbox 514 2699 560 2756; x_wconf 79' lang='lat' dir='ltr'>riis</span> <span class='ocrx_word' id='word_1_236' title='bbox 574 2699 620 2756; x_wconf 72' lang='lat' dir='ltr'>riis</span> <span class='ocrx_word' id='word_1_237' title='bbox 629 2701 724 2768; x_wconf 65' lang='lat' dir='ltr'>mdc,-</span> 
     </span>
    </p>
   </div>
   <div class='ocr_carea' id='block_1_5' title="bbox 58 2856 1156 3343">
    <p class='ocr_par' dir='ltr' id='par_1_5' title="bbox 58 2856 1156 3343">
     <span class='ocr_line' id='line_1_27' title="bbox 65 2856 1138 2939; baseline -0.003 -18"><span class='ocrx_word' id='word_1_238' title='bbox 65 2859 123 2921; x_wconf 92' lang='lat' dir='ltr'>Ubi</span> <span class='ocrx_word' id='word_1_239' title='bbox 135 2870 202 2918; x_wconf 85' lang='lat' dir='ltr'>sunt·</span> <span class='ocrx_word' id='word_1_240' title='bbox 213 2856 262 2938; x_wconf 90' lang='lat' dir='ltr'>qui</span> <span class='ocrx_word' id='word_1_241' title='bbox 284 2856 517 2934; x_wconf 78' lang='lat' dir='ltr'>interrogationis</span> <span class='ocrx_word' id='word_1_242' title='bbox 531 2868 628 2916; x_wconf 81' lang='lat' dir='ltr'>notem</span> <span class='ocrx_word' id='word_1_243' title='bbox 642 2859 763 2930; x_wconf 66' lang='lat' dir='ltr'>tollent,=</span> <span class='ocrx_word' id='word_1_244' title='bbox 781 2869 811 2918; x_wconf 88' lang='lat' dir='ltr'>et</span> <span class='ocrx_word' id='word_1_245' title='bbox 826 2863 887 2920; x_wconf 63' lang='lat' dir='ltr'>seis</span> <span class='ocrx_word' id='word_1_246' title='bbox 912 2859 1138 2939; x_wconf 78' lang='lat' dir='ltr'>interpretentur</span> 
     </span>
     <span class='ocr_line' id='line_1_28' title="bbox 58 2939 1139 3022; baseline 0.001 -23"><span class='ocrx_word' id='word_1_247' title='bbox 58 2943 188 3022; x_wconf 64' lang='lat' dir='ltr'>prptcto.</span> <span class='ocrx_word' id='word_1_248' title='bbox 231 2941 273 2998; x_wconf 83' lang='lat' dir='ltr'>At</span> <span class='ocrx_word' id='word_1_249' title='bbox 287 2939 396 2998; x_wconf 78' lang='lat' dir='ltr'>servari</span> <span class='ocrx_word' id='word_1_250' title='bbox 410 2950 506 3017; x_wconf 85' lang='lat' dir='ltr'>potest</span> <span class='ocrx_word' id='word_1_251' title='bbox 519 2939 646 3017; x_wconf 85' lang='lat' dir='ltr'>genuino</span> <span class='ocrx_word' id='word_1_252' title='bbox 659 2953 788 3019; x_wconf 82' lang='lat' dir='ltr'>potestne</span> <span class='ocrx_word' id='word_1_253' title='bbox 808 2941 851 2999; x_wconf 87' lang='lat' dir='ltr'>sic</span> <span class='ocrx_word' id='word_1_254' title='bbox 864 2941 1017 3000; x_wconf 72' lang='lat' dir='ltr'>vertendos</span> <span class='ocrx_word' id='word_1_255' title='bbox 1034 2944 1139 3000; x_wconf 80' lang='lat' dir='ltr'>Nonne</span> 
     </span>
     <span class='ocr_line' id='line_1_29' title="bbox 64 3021 1136 3102; baseline 0.001 -23"><span class='ocrx_word' id='word_1_256' title='bbox 64 3023 150 3102; x_wconf 84' lang='lat' dir='ltr'>igitur</span> <span class='ocrx_word' id='word_1_257' title='bbox 165 3041 207 3080; x_wconf 87' lang='lat' dir='ltr'>me</span> <span class='ocrx_word' id='word_1_258' title='bbox 220 3041 328 3100; x_wconf 78' lang='lat' dir='ltr'>qouque</span> <span class='ocrx_word' id='word_1_259' title='bbox 342 3031 453 3078; x_wconf 80' lang='lat' dir='ltr'>tuorum</span> <span class='ocrx_word' id='word_1_260' title='bbox 467 3022 603 3079; x_wconf 74' lang='lat' dir='ltr'>motorum</span> <span class='ocrx_word' id='word_1_261' title='bbox 612 3023 781 3102; x_wconf 73' lang='lat' dir='ltr'>participem</span> <span class='ocrx_word' id='word_1_262' title='bbox 793 3021 868 3100; x_wconf 79' lang='lat' dir='ltr'>fieri</span> <span class='ocrx_word' id='word_1_263' title='bbox 880 3023 1008 3102; x_wconf 70' lang='lat' dir='ltr'>oportet?</span> <span class='ocrx_word' id='word_1_264' title='bbox 1030 3022 1136 3080; x_wconf 86' lang='lat' dir='ltr'>Similis</span> 
     </span>
     <span class='ocr_line' id='line_1_30' title="bbox 63 3099 1156 3182; baseline -0.002 -20"><span class='ocrx_word' id='word_1_265' title='bbox 63 3104 141 3162; x_wconf 88' lang='lat' dir='ltr'>estin</span> <span class='ocrx_word' id='word_1_266' title='bbox 153 3101 345 3180; x_wconf 89' lang='lat' dir='ltr'>superioribus</span> <span class='ocrx_word' id='word_1_267' title='bbox 360 3099 451 3169; x_wconf 86' lang='lat' dir='ltr'>locus,</span> <span class='ocrx_word' id='word_1_268' title='bbox 468 3121 572 3180; x_wconf 90' lang='lat' dir='ltr'>nempe</span> <span class='ocrx_word' id='word_1_269' title='bbox 586 3121 612 3160; x_wconf 88' lang='lat' dir='ltr'>v.</span> <span class='ocrx_word' id='word_1_270' title='bbox 630 3106 718 3166; x_wconf 78' lang='lat'><strong>1647.</strong></span> <span class='ocrx_word' id='word_1_271' title='bbox 729 3103 778 3160; x_wconf 92' lang='lat' dir='ltr'>ubi</span> <span class='ocrx_word' id='word_1_272' title='bbox 794 3105 892 3162; x_wconf 89' lang='lat' dir='ltr'>Creon</span> <span class='ocrx_word' id='word_1_273' title='bbox 906 3103 1031 3162; x_wconf 80' lang='lat' dir='ltr'>cednver</span> <span class='ocrx_word' id='word_1_274' title='bbox 1046 3103 1156 3182; x_wconf 57' lang='lat' dir='ltr'>Poly-²</span> 
     </span>
     <span class='ocr_line' id='line_1_31' title="bbox 67 3181 1139 3264; baseline 0.001 -23"><span class='ocrx_word' id='word_1_275' title='bbox 67 3183 134 3242; x_wconf 88' lang='lat' dir='ltr'>nicis</span> <span class='ocrx_word' id='word_1_276' title='bbox 151 3183 262 3242; x_wconf 76' lang='lat' dir='ltr'>ditibus</span> <span class='ocrx_word' id='word_1_277' title='bbox 275 3201 372 3241; x_wconf 86' lang='lat' dir='ltr'>escum</span> <span class='ocrx_word' id='word_1_278' title='bbox 387 3181 473 3260; x_wconf 82' lang='lat' dir='ltr'>abjici</span> <span class='ocrx_word' id='word_1_279' title='bbox 484 3183 579 3260; x_wconf 88' lang='lat' dir='ltr'>jubet,</span> <span class='ocrx_word' id='word_1_280' title='bbox 594 3183 663 3262; x_wconf 76' lang='lat' dir='ltr'>quis</span> <span class='ocrx_word' id='word_1_281' title='bbox 684 3184 786 3264; x_wconf 83' lang='lat' dir='ltr'>patriae</span> <span class='ocrx_word' id='word_1_282' title='bbox 799 3182 908 3243; x_wconf 88' lang='lat' dir='ltr'>bellum</span> <span class='ocrx_word' id='word_1_283' title='bbox 928 3183 1078 3245; x_wconf 74' lang='lat' dir='ltr'>intulerat:</span> <span class='ocrx_word' id='word_1_284' title='bbox 1099 3185 1139 3243; x_wconf 84' lang='lat' dir='ltr'>od</span> 
     </span>
     <span class='ocr_line' id='line_1_32' title="bbox 68 3265 374 3343; baseline 0 -21"><span class='ocrx_word' id='word_1_285' title='bbox 68 3283 149 3343; x_wconf 87' lang='lat' dir='ltr'>quern</span> <span class='ocrx_word' id='word_1_286' title='bbox 161 3265 199 3322; x_wconf 85' lang='lat' dir='ltr'>its</span> <span class='ocrx_word' id='word_1_287' title='bbox 213 3265 374 3341; x_wconf 82' lang='lat' dir='ltr'>Antigone:</span> 
     </span>
    </p>
   </div>
   <div class='ocr_carea' id='block_1_6' title="bbox 139 3417 621 3512">
    <p class='ocr_par' dir='ltr' id='par_1_6' title="bbox 139 3417 621 3512">
     <span class='ocr_line' id='line_1_33' title="bbox 139 3417 621 3512; baseline 0.004 -24"><span class='ocrx_word' id='word_1_288' title='bbox 139 3432 218 3490; x_wconf 58' lang='lat' dir='ltr'>nist,</span> <span class='ocrx_word' id='word_1_289' title='bbox 232 3427 304 3488; x_wconf 64' lang='lat' dir='ltr'>idest</span> <span class='ocrx_word' id='word_1_290' title='bbox 314 3435 349 3510; x_wconf 71' lang='grc' dir='ltr'>τῇ</span> <span class='ocrx_word' id='word_1_291' title='bbox 361 3429 429 3512; x_wconf 63' lang='lat' dir='ltr'>rim</span> <span class='ocrx_word' id='word_1_292' title='bbox 443 3437 484 3490; x_wconf 79' lang='lat' dir='ltr'>ris</span> <span class='ocrx_word' id='word_1_293' title='bbox 499 3417 621 3508; x_wconf 59' lang='lat' dir='ltr'>insitire,-</span> 
     </span>
    </p>
   </div>
   <div class='ocr_carea' id='block_1_7' title="bbox 74 3591 1138 4072">
    <p class='ocr_par' dir='ltr' id='par_1_7' title="bbox 74 3591 1138 4082">
     <span class='ocr_line' id='line_1_34' title="bbox 109 3591 1136 3674; baseline 0.002 -22"><span class='ocrx_word' id='word_1_294' title='bbox 109 3592 152 3652; x_wconf 89' lang='lat' dir='ltr'>Sic</span> <span class='ocrx_word' id='word_1_295' title='bbox 164 3591 237 3670; x_wconf 82' lang='lat' dir='ltr'>lego,</span> <span class='ocrx_word' id='word_1_296' title='bbox 254 3601 366 3650; x_wconf 86' lang='lat' dir='ltr'>servnts</span> <span class='ocrx_word' id='word_1_297' title='bbox 379 3593 613 3672; x_wconf 81' lang='lat' dir='ltr'>interrogationis</span> <span class='ocrx_word' id='word_1_298' title='bbox 626 3604 705 3654; x_wconf 82' lang='lat' dir='ltr'>noto.</span> <span class='ocrx_word' id='word_1_299' title='bbox 747 3594 795 3653; x_wconf 86' lang='lat' dir='ltr'>Ex</span> <span class='ocrx_word' id='word_1_300' title='bbox 816 3614 862 3668; x_wconf 93' lang='lat' dir='ltr'>eo,</span> <span class='ocrx_word' id='word_1_301' title='bbox 877 3597 1067 3674; x_wconf 80' lang='lat' dir='ltr'>quod&#39;Creon</span> <span class='ocrx_word' id='word_1_302' title='bbox 1088 3613 1136 3654; x_wconf 82' lang='lat' dir='ltr'>cs-</span> 
     </span>
     <span class='ocr_line' id='line_1_35' title="bbox 74 3672 1137 3756; baseline 0.001 -24"><span class='ocrx_word' id='word_1_303' title='bbox 74 3675 151 3734; x_wconf 85' lang='lat' dir='ltr'>dsver</span> <span class='ocrx_word' id='word_1_304' title='bbox 165 3672 308 3752; x_wconf 87' lang='lat' dir='ltr'>Polynicis</span> <span class='ocrx_word' id='word_1_305' title='bbox 322 3673 496 3753; x_wconf 88' lang='lat' dir='ltr'>insepultum</span> <span class='ocrx_word' id='word_1_306' title='bbox 506 3676 591 3756; x_wconf 86' lang='lat' dir='ltr'>abjici</span> <span class='ocrx_word' id='word_1_307' title='bbox 596 3677 729 3753; x_wconf 83' lang='lat' dir='ltr'>jubebat,</span> <span class='ocrx_word' id='word_1_308' title='bbox 744 3689 962 3755; x_wconf 82' lang='lat' dir='ltr'>argumentetur</span> <span class='ocrx_word' id='word_1_309' title='bbox 976 3678 1137 3752; x_wconf 85' lang='lat' dir='ltr'>Antigone,</span> 
     </span>
     <span class='ocr_line' id='line_1_36' title="bbox 75 3749 1138 3838; baseline 0.001 -27"><span class='ocrx_word' id='word_1_310' title='bbox 75 3755 154 3814; x_wconf 88' lang='lat' dir='ltr'>videri</span> <span class='ocrx_word' id='word_1_311' title='bbox 166 3753 283 3815; x_wconf 86' lang='lat' dir='ltr'>Creonti</span> <span class='ocrx_word' id='word_1_312' title='bbox 299 3753 379 3812; x_wconf 84' lang='lat' dir='ltr'>iilum</span> <span class='ocrx_word' id='word_1_313' title='bbox 393 3767 487 3816; x_wconf 87' lang='lat' dir='ltr'>morte</span> <span class='ocrx_word' id='word_1_314' title='bbox 501 3775 553 3816; x_wconf 85' lang='lat' dir='ltr'>sus</span> <span class='ocrx_word' id='word_1_315' title='bbox 565 3759 707 3817; x_wconf 78' lang='lat' dir='ltr'>nonsatis</span> <span class='ocrx_word' id='word_1_316' title='bbox 721 3777 754 3818; x_wconf 91' lang='lat' dir='ltr'>su</span> <span class='ocrx_word' id='word_1_317' title='bbox 775 3757 853 3838; x_wconf 87' lang='lat' dir='ltr'>plieii</span> <span class='ocrx_word' id='word_1_318' title='bbox 865 3749 962 3829; x_wconf 83' lang='lat' dir='ltr'>luisse,</span> <span class='ocrx_word' id='word_1_319' title='bbox 977 3761 1059 3836; x_wconf 78' lang='lat' dir='ltr'>cujus</span> <span class='ocrx_word' id='word_1_320' title='bbox 1069 3773 1138 3813; x_wconf 89' lang='lat' dir='ltr'>con·</span> 
     </span>
     <span class='ocr_line' id='line_1_37' title="bbox 76 3779 1137 3919; baseline -0.001 -25"><span class='ocrx_word' id='word_1_321' title='bbox 76 3836 178 3894; x_wconf 79' lang='lat' dir='ltr'>tretium</span> <span class='ocrx_word' id='word_1_322' title='bbox 191 3835 363 3895; x_wconf 80' lang='lat' dir='ltr'>affirmatum</span> <span class='ocrx_word' id='word_1_323' title='bbox 385 3836 556 3916; x_wconf 80' lang='lat' dir='ltr'>interrogat:</span> <span class='ocrx_word' id='word_1_324' title='bbox 578 3841 625 3898; x_wconf 79' lang='lat' dir='ltr'>An</span> <span class='ocrx_word' id='word_1_325' title='bbox 639 3861 706 3919; x_wconf 82' lang='lat' dir='ltr'>ergo</span> <span class='ocrx_word' id='word_1_326' title='bbox 727 3779 796 3899; x_wconf 68' lang='lat' dir='ltr'>heile</span> <span class='ocrx_word' id='word_1_327' title='bbox 817 3839 909 3898; x_wconf 83' lang='lat' dir='ltr'>dedita</span> <span class='ocrx_word' id='word_1_328' title='bbox 933 3859 989 3897; x_wconf 81' lang='lat' dir='ltr'>non</span> <span class='ocrx_word' id='word_1_329' title='bbox 1013 3835 1067 3894; x_wconf 78' lang='lat' dir='ltr'>tuis</span> <span class='ocrx_word' id='word_1_330' title='bbox 1075 3856 1137 3915; x_wconf 82' lang='lat' dir='ltr'>pss-</span> 
     </span>
     <span class='ocr_line' id='line_1_38' title="bbox 78 3917 1138 4000; baseline 0.003 -25"><span class='ocrx_word' id='word_1_331' title='bbox 78 3937 135 3975; x_wconf 81' lang='lat' dir='ltr'>nom</span> <span class='ocrx_word' id='word_1_332' title='bbox 147 3919 220 3976; x_wconf 73' lang='lat' dir='ltr'>nesci</span> <span class='ocrx_word' id='word_1_333' title='bbox 240 3917 396 3977; x_wconf 82' lang='lat' dir='ltr'>consentit</span> <span class='ocrx_word' id='word_1_334' title='bbox 419 3919 604 3990; x_wconf 79' lang='lat' dir='ltr'>scholiastes,</span> <span class='ocrx_word' id='word_1_335' title='bbox 619 3920 723 3997; x_wconf 79' lang='lat' dir='ltr'>quiite</span> <span class='ocrx_word' id='word_1_336' title='bbox 744 3920 884 4000; x_wconf 79' lang='lat' dir='ltr'>explicat:</span> <span class='ocrx_word' id='word_1_337' title='bbox 906 3920 974 3979; x_wconf 70' lang='lat' dir='ltr'>nas*</span> <span class='ocrx_word' id='word_1_338' title='bbox 995 3917 1105 3998; x_wconf 67' lang='lat' dir='ltr'>igo‘mso</span> <span class='ocrx_word' id='word_1_339' title='bbox 1126 3921 1138 3978; x_wconf 80' lang='lat' dir='ltr'>i</span> 
     </span>
     <span class='ocr_line' id='line_1_39' title="bbox 77 3997 696 4072; baseline -0.002 -13"><span class='ocrx_word' id='word_1_340' title='bbox 77 4001 149 4072; x_wconf 64' lang='lat' dir='ltr'>niuis,</span> <span class='ocrx_word' id='word_1_341' title='bbox 160 4001 189 4056; x_wconf 73' lang='lat' dir='ltr'>is</span> <span class='ocrx_word' id='word_1_342' title='bbox 199 3997 283 4060; x_wconf 68' lang='lat' dir='ltr'>idmst</span> <span class='ocrx_word' id='word_1_343' title='bbox 296 3997 325 4061; x_wconf 77' lang='lat' dir='ltr'>sir</span> <span class='ocrx_word' id='word_1_344' title='bbox 338 4006 370 4066; x_wconf 79' lang='lat' dir='ltr'>rii</span> <span class='ocrx_word' id='word_1_345' title='bbox 386 4003 511 4071; x_wconf 64' lang='grc' dir='ltr'>ἀποβαίνῃ</span> <span class='ocrx_word' id='word_1_346' title='bbox 524 4006 566 4064; x_wconf 78' lang='lat' dir='ltr'>virs</span> <span class='ocrx_word' id='word_1_347' title='bbox 580 4003 696 4071; x_wconf 68' lang='grc' dir='ltr'>κόλασιις</span> 
     </span>
    </p>
   </div>
   <div class='ocr_carea' id='block_1_8' title="bbox 79 4159 1140 4326">
    <p class='ocr_par' dir='ltr' id='par_1_8' title="bbox 79 4159 1140 4326">
     <span class='ocr_line' id='line_1_40' title="bbox 113 4159 1140 4236; baseline -0.001 -15"><span class='ocrx_word' id='word_1_348' title='bbox 113 4161 158 4222; x_wconf 85' lang='grc' dir='ltr'>ΙΧ.</span> <span class='ocrx_word' id='word_1_349' title='bbox 178 4164 225 4222; x_wconf 87' lang='lat' dir='ltr'>Ab</span> <span class='ocrx_word' id='word_1_350' title='bbox 240 4166 301 4223; x_wconf 68' lang='lat' dir='ltr'>isis</span> <span class='ocrx_word' id='word_1_351' title='bbox 314 4179 439 4226; x_wconf 83' lang='lat' dir='ltr'>accentu</span> <span class='ocrx_word' id='word_1_352' title='bbox 453 4187 511 4226; x_wconf 93' lang='lat' dir='ltr'>non</span> <span class='ocrx_word' id='word_1_353' title='bbox 524 4176 648 4236; x_wconf 86' lang='lat' dir='ltr'>tontum,</span> <span class='ocrx_word' id='word_1_354' title='bbox 662 4163 811 4223; x_wconf 82' lang='lat' dir='ltr'>sedetiam</span> <span class='ocrx_word' id='word_1_355' title='bbox 826 4181 880 4220; x_wconf 88' lang='lat' dir='ltr'>usu</span> <span class='ocrx_word' id='word_1_356' title='bbox 894 4171 923 4220; x_wconf 86' lang='lat' dir='ltr'>et</span> <span class='ocrx_word' id='word_1_357' title='bbox 938 4161 1031 4221; x_wconf 87' lang='lat' dir='ltr'>officio</span> <span class='ocrx_word' id='word_1_358' title='bbox 1045 4159 1140 4220; x_wconf 85' lang='lat' dir='ltr'>differt</span> 
     </span>
     <span class='ocr_line' id='line_1_41' title="bbox 79 4243 1140 4326; baseline -0.006 -20"><span class='ocrx_word' id='word_1_359' title='bbox 79 4245 136 4309; x_wconf 70' lang='lat' dir='ltr'>ior·</span> <span class='ocrx_word' id='word_1_360' title='bbox 147 4243 211 4326; x_wconf 77' lang='lat' dir='ltr'>illud</span> <span class='ocrx_word' id='word_1_361' title='bbox 225 4243 302 4304; x_wconf 88' lang='lat' dir='ltr'>enim</span> <span class='ocrx_word' id='word_1_362' title='bbox 316 4246 486 4326; x_wconf 81' lang='lat' dir='ltr'>interrogat,</span> <span class='ocrx_word' id='word_1_363' title='bbox 500 4247 558 4306; x_wconf 91' lang='lat' dir='ltr'>hoc</span> <span class='ocrx_word' id='word_1_364' title='bbox 572 4256 670 4324; x_wconf 80' lang='lat' dir='ltr'>negat,</span> <span class='ocrx_word' id='word_1_365' title='bbox 685 4256 839 4325; x_wconf 88' lang='lat' dir='ltr'>utrumque</span> <span class='ocrx_word' id='word_1_366' title='bbox 850 4255 947 4304; x_wconf 72' lang='lat' dir='ltr'>nmen</span> <span class='ocrx_word' id='word_1_367' title='bbox 962 4263 1029 4305; x_wconf 89' lang='lat' dir='ltr'>cum</span> <span class='ocrx_word' id='word_1_368' title='bbox 1043 4243 1140 4322; x_wconf 85' lang='lat' dir='ltr'>sliquo</span> 
     </span>
    </p>
   </div>
   <div class='ocr_carea' id='block_1_9' title="bbox 0 0 1358 4808">
    <p class='ocr_par' dir='ltr' id='par_1_9' title="bbox 0 0 1358 4808">
     <span class='ocr_line' id='line_1_42' title="bbox 0 0 1358 4808; baseline 0 0"><span class='ocrx_word' id='word_1_369' title='bbox 0 0 1358 4808; x_wconf 95' lang='lat' dir='ltr'> </span> 
     </span>
    </p>
   </div>
  </div>
 </body>
</html>
