2880 4804
723 319 764 384 vii

230 499 377 579 elegantia
385 495 473 576 possit
483 513 546 556 esse
553 493 901 574 vocabuli,nibilprorsus
911 491 1112 574 significantis,
1120 491 1252 573 equidem

231 602 293 644 non
313 579 400 640 video.
442 579 567 638 Inventa
587 578 689 656 uu'que
712 575 856 636 vocabula
878 587 946 635 sunt
968 575 1007 635 ad
1028 575 1117 636 animi
1138 595 1253 634 sensum

234 660 460 743 exprimendum,
475 660 546 738 quid
557 660 647 740 igitur
657 658 715 718 tale
725 658 907 738 praestabunt
920 657 1070 737 particulae
1084 655 1113 716 in
1125 657 1255 716 oratioue

234 745 315 826 plane
327 744 532 821 supervacuae?
556 743 646 812 Certe
658 761 718 800 non
731 741 799 800 ideo
813 739 961 799 abundare
981 739 1121 810 dicemus,
1143 739 1211 817 quia
1226 737 1255 796 in

236 825 367 885 versione
376 823 482 882 Latina
499 822 699 902 negliguntur,
720 821 780 881 sive
799 821 895 880 verius
915 841 974 880 uon
994 820 1166 891 redduntur,
1187 821 1257 898 quis

229 905 310 966 reddi
324 925 383 964 non
398 916 530 984 possunt,
550 923 646 984 neque
659 903 790 982 legitima
803 915 847 962 est
861 902 964 962 ababa
976 901 1014 962 ad
1027 902 1112 960 aliam
1125 901 1256 980 linguam

226 985 446 1066 consequentia.
499 987 589 1052 Quod
618 987 642 1044 si
666 995 765 1044 tamen
794 984 954 1044 contendat
982 984 1134 1064 quispiam,
1158 995 1191 1042 ut
1211 982 1256 1056 fit,

206 1069 381 1128 ‚nonnullus
401 1067 557 1146 particulas
582 1067 661 1148 apud
680 1066 893 1148 antiquissimos
913 1079 1032 1125 ornatus
1052 1083 1140 1124 causa
1158 1064 1256 1144 adjici,

225 1162 259 1210 ut
274 1151 305 1208 in
326 1149 399 1221 lies,
417 1151 440 1216 ic
455 1177 491 1218 τι,
504 1155 554 1210 sai
573 1175 600 1210 π
613 1161 644 1209 et
656 1149 806 1221 similibus,
827 1148 998 1228 rogaverim,
1021 1149 1070 1226 qui
1084 1147 1193 1204 iactum
1207 1147 1255 1218 sit,

225 1243 262 1290 ut
283 1231 334 1310 qui
356 1231 450 1292 secuti
472 1243 550 1303 sunt,
571 1233 628 1290 hoc
649 1241 851 1294 ornamentum
867 1231 924 1290 loci
937 1229 1078 1290 fecerint?
1105 1228 1201 1286 Prima
1221 1245 1256 1288 ac

222 1313 363 1391 princeps
375 1331 463 1371 causa
474 1324 574 1372 nostra
586 1313 623 1372 sit
634 1313 811 1391 ignorantia;
833 1311 856 1370 si
872 1313 949 1372 enim
958 1313 1087 1370 omnium
1102 1309 1256 1388 particula·

224 1414 295 1454 rum
324 1405 456 1454 naturam
483 1395 681 1474 originemque
710 1395 796 1474 plane
819 1395 991 1454 haberemus
1018 1393 1177 1470 cognitam,
1198 1409 1257 1450 non

224 1475 346 1535 difficile
369 1476 445 1535 foret
459 1476 568 1555 ubique
583 1478 725 1548 locorum,
741 1495 828 1557 quum
842 1477 911 1548 vim,
927 1487 1113 1556 potestatem,
1127 1491 1212 1532 usum
1226 1483 1258 1532 et

225 1556 405 1636 elegantiam
424 1557 549 1617 orationi
570 1569 751 1638 prestarent,
775 1557 946 1628 ostendere;
967 1577 1056 1630 nuuc,
1073 1555 1179 1616 omissa
1193 1553 1257 1612 dili·

227 1639 364 1717 gentiore
396 1657 494 1698 earum
522 1639 733 1719 disquisitione,
760 1641 889 1721 proclive
918 1640 975 1700 fuit
999 1639 1037 1698 ad
1059 1639 1261 1718 pleonasmum

232 1717 406 1794 coningere.
447 1721 527 1778 llinc
540 1721 735 1781 consuctailla
746 1733 777 1781 et
788 1721 938 1782 familiaria
951 1719 1157 1802 grammaticis,
1168 1719 1259 1777 etiarn

233 1798 440 1860 eruditissimis
460 1799 625 1878 aliquando,
638 1803 791 1861 vocabula:
813 1808 952 1886 angori
974 1805 1103 1865 sora-'u
1169 1801 1260 1868 urias·

231 1883 441 1962 §sequanina-
454 1895 584 1962 aeagim·
598 1883 734 1960 πλκνᾶζοι·
749 1889 932 1964 argenwit·
942 1883 1117 1966 particulare
1180 1882 1259 1954 iivae,

229 1962 341 2031 oiim,
355 1964 633 2042 septemgeminas.
980 1971 985 1980 '

184 2054 200 2094 .·
273 2040 411 2100 Secunda
424 2059 522 2113 mursa,
538 2059 591 2100 cur
600 2041 752 2121 particula
760 2041 897 2101 dicantur
908 2043 1019 2116 otiosae,
1028 2043 1086 2101 non
1095 2059 1160 2101 rruo
1168 2043 1260 2101 oritur

229 2142 270 2182 ex
281 2122 392 2182 dilectu
412 2123 525 2182 Gracia
544 2127 723 2216 βςιχυλογᾴ,
743 2142 802 2204 qua
821 2124 934 2184 omissae
953 2123 1108 2183 sententie
1127 2133 1263 2202 tanquam

228 2206 315 2283 signa
326 2223 362 2263 ac
376 2204 512 2264 custodes
525 2205 693 2284 relinquunt
706 2205 874 2286 perticulam
896 2209 980 2285 cujus
994 2207 1038 2265 rei
1050 2204 1186 2284 exempla
1198 2204 1262 2285 plu·

229 2286 310 2346 rimis
323 2284 394 2344 locis
407 2297 576 2346 occurrunt.
617 2285 693 2347 Vide
706 2288 736 2344 in
751 2290 811 2360 ini,
825 2287 877 2371 lige
889 2301 920 2348 et
933 2287 1012 2347 alibi.

244 2420 248 2428 .
272 2368 419 2448 Ignoratoe
427 2367 635 2446 particularum
645 2369 798 2449 potestatis
809 2381 839 2428 et
850 2389 929 2442 usus,
940 2369 1066 2449 ideoque
1076 2367 1153 2428 inter
1161 2387 1262 2449 snper·

232 2467 375 2509 emanans
388 2447 599 2528 adscriptorum
613 2451 701 2509 tertia
714 2469 802 2510 causa
821 2451 871 2524 sit,
890 2451 970 2531 quod
990 2451 1101 2524 Graeci,
1120 2469 1205 2511 secus
1225 2469 1262 2510 ac

234 2529 344 2602 Latini,
358 2539 470 2589 mutata
479 2530 526 2589 rel
536 2530 646 2590 inflexa
655 2531 792 2612 loquendi
804 2533 927 2604 ratione,
939 2531 1048 2592 idcirco
1057 2551 1115 2592 non
1126 2531 1261 2613 rejiciunt

237 2631 287 2671 eas
299 2609 465 2690 particum,
480 2611 585 2690 quibus
599 2611 629 2668 in
643 2614 729 2672 meris
742 2614 993 2675 enunciationibus
1008 2613 1051 2674 usi
1061 2614 1196 2682 fuissent;
1209 2611 1262 2672 sed

239 2703 353 2752 serrant
372 2703 510 2770 tanquam
530 2695 787 2772 argumentationis
808 2697 954 2778 implicita
974 2697 1083 2756 aliusve
1109 2693 1261 2776 potestatis

237 2785 328 2835 notas.
370 2773 407 2832 E.
427 2794 457 2852 g.
476 2773 555 2854 apud
580 2775 730 2856 Aristoph.
752 2777 830 2837 Plut.
843 2799 870 2840 v.
891 2781 960 2844 775.
1002 2776 1117 2848 Plutus,
1141 2788 1261 2856 recepto

236 2855 387 2916 oculorum
401 2873 466 2927 usu,
480 2857 597 2934 penitus
613 2857 777 2920 considerat
791 2879 886 2922 mores
899 2861 1060 2930 bominum,
1075 2877 1147 2939 quos
1160 2859 1262 2918 hacte-

236 2955 290 2996 nus
304 2937 407 3016 opibus
421 2937 527 3010 beavit,
542 2949 573 2998 et
583 2937 652 2998 binc
664 2939 825 3013 concludit,
840 2963 871 3003 se
883 2941 1071 3024 sycophantia
1082 2951 1113 3000 et
1124 2938 1263 3018 improbis

165 3073 171 3088 ,
237 3017 349 3078 iarbae
392 3018 581 3078 collectionis
595 3019 684 3082 index
698 3033 742 3080 cst
756 3027 767 3082 i
781 3037 849 3085 ΛΡΛ
865 3023 1002 3103 obviaque.
1026 3023 1109 3100 Ergo
1122 3019 1263 3099 potuisset

234 3101 277 3159 ilic
291 3097 484 3160 concludere:
497 3109 591 3168 itanu}
605 3100 656 3186 'ae'ga
669 3107 797 3186 ririgsimrc
808 3109 881 3166 συνὸν
891 3105 985 3166 'maior-
1021 3101 1079 3163 Sed
1091 3103 1264 3162 erubescens

236 3193 267 3240 et
280 3181 361 3260 quasi
375 3181 493 3241 territus
513 3182 665 3262 iniquitate
687 3187 740 3257 rei,
761 3185 824 3246 hoec
838 3187 927 3246 verba
948 3188 1094 3254 πιθιτικὸς
1114 3183 1263 3266 proferens

237 3264 290 3324 ait:

397 3345 464 3414 Oi‘str
477 3346 518 3429 ὅς’
530 3349 664 3430 &tigrim
678 3348 749 3422 {ariis
764 3351 902 3412 beriam.

240 3507 360 3568 Servata
380 3507 523 3586 particula
535 3509 596 3593 lige,
618 3527 705 3588 quarn
718 3511 817 3571 Latini
840 3497 976 3592 tanquam
998 3513 1028 3571 in
1042 3516 1171 3594 seinse?
1195 3529 1264 3570 con·

238 3601 362 3650 sumtum
374 3589 537 3669 negligunt.
579 3589 660 3650 Hinc
674 3593 799 3672 praecoci
813 3593 932 3653 nimium
942 3595 1054 3673 judicio
1067 3595 1113 3655 vel
1134 3593 1265 3676 πιςίλιιιν

237 3672 319 3732 aiunt
333 3670 392 3742 aiii,
406 3671 463 3744 vel,
488 3681 521 3731 ut
534 3671 687 3746 Devnrius,
710 3674 834 3736 alienam
856 3675 910 3756 ipsi
932 3687 1107 3758 potestatem
1121 3675 1264 3742 tribuunt,

238 3773 303 3834 quse
317 3753 345 3813 ai
360 3753 426 3812 loco
439 3753 566 3814 maxime
580 3755 735 3816 convenire
747 3757 891 3818 videatur.
994 3827 998 3838 ι

278 3839 393 3903 Quarta
405 3847 551 3896 causaest
571 3837 726 3916 proclivius
747 3839 929 3914 Graecorum,
950 3859 1036 3922 quarn
1055 3841 1265 3909 Romanorum,

241 3917 278 3976 ad
289 3915 447 3998 particuim
457 3916 617 3994 ingenium,
636 3920 751 3999 parcius
765 3921 841 3980 enim
854 3922 884 3980 hi
899 3923 932 3982 iis
946 3934 1079 3994 utuntur,
1094 3916 1134 3976 illi
1148 3915 1266 3997 largiori

243 4015 338 4072 manu,
361 4010 393 4058 et
405 3998 444 4058 ad
457 3999 630 4060 levissimam
651 4001 791 4062 rationem
813 4005 969 4088 porticulus
991 3998 1187 4142 spppeditant,
1202 4021 1267 4080 quse

242 4079 397 4140 sententias
422 4081 549 4155 firmem,
575 4081 743 4162 infringant,
766 4085 953 4168 plurimisque
973 4106 1002 4144 m

242 4159 376 4220 afficiant.
418 4163 468 4224 Sic
480 4181 688 4246 nonnunquam
711 4167 870 4246 particulae,
892 4188 968 4248 quoe,
990 4174 1101 4224 mutata
1113 4175 1267 4226 structurae

241 4242 367 4314 ratione,
387 4244 523 4306 excidero
546 4265 631 4327 posse
654 4247 799 4325 videntur,
826 4259 988 4322 servantur,
1012 4247 1132 4327 vestigia
1155 4247 1268 4308 affecta

1043 4083 1067 4141 is
1086 4081 1208 4156 varient,
1236 4093 1268 4144 ct
