2648 4814
530 236 686 287 MENTO!-
1115 225 1170 282 821

88 393 162 477 'ipen
175 391 257 454 irriti·
270 391 363 470 ’ὄμνυμι
377 392 546 476 prigru'rrrrt
557 393 638 470 pirric
654 395 708 466 τινὶ
721 395 791 452 θῶ.
835 393 893 450 Sed
912 399 940 450 el
963 392 1065 452 diteris
1089 391 1167 451 dico:

87 486 119 534 et
132 475 196 534 lroec
210 493 270 534 meo
287 473 501 553 vorjarofrerrti
513 473 605 532 instar
618 473 681 533 erit.
721 474 797 532 Juro
811 473 884 530 errr'm
898 472 951 531 tili
965 473 1074 552 quidem
1094 473 1167 532 serio

86 577 146 636 per
160 553 293 636 aliqum,
306 555 431 614 Deorum
445 553 575 634 aliquem.

135 717 190 776 Vl.
212 716 383 794 Quicunque
398 715 477 774 serio
491 715 660 794 loquuntur,
673 715 719 773 his
733 726 853 774 utuntur
866 714 1025 792 particulis,
1040 725 1073 773 ut
1085 715 1169 793 apud
1241 746 1244 752 =

90 797 218 858 Lucian.
236 797 381 874 Diogenes
395 796 424 853 in
439 795 517 858 Diat
533 795 626 855 Mort.
643 797 727 855 Tom.
742 797 767 854 Ι.
780 817 808 874 p.
822 799 891 856 442.
931 794 998 855 elea
1011 799 1098 874 τςῒμὲι
1112 799 1169 855 Δι’-

89 877 157 955 peili,
173 878 305 958 αἰτιωμένῃ
318 883 358 936 rlr
373 880 431 946 oris,
447 881 504 936 Oria
517 877 598 938 fleu
610 879 653 954 pair
667 905 703 937 rai
716 877 817 945 iudas,
832 876 898 949 ἐ’φω.
938 875 1035 934 Latini
1046 887 1169 934 utuntur

90 979 167 1018 vero.
213 958 281 1018 Tibi
292 957 431 1020 seroces
444 959 543 1018 merito
557 959 703 1018 eueniant.
747 961 846 1024 Quare
865 957 1026 1036 aptissimus
1047 969 1092 1015 est
1114 957 1166 1014 ha.

89 1059 155 1097 rum
176 1058 244 1098 usus
264 1039 294 1095 in
315 1038 538 1106 monitionibus;
558 1040 634 1097 serio
648 1040 723 1097 enim
739 1039 897 1116 loquuntur
922 1049 1079 1096 monentes.
1120 1037 1168 1096 Ita

89 1120 170 1198 apud
184 1119 309 1178 eundern
323 1119 353 1176 in
369 1119 485 1198 Lapith.
502 1119 584 1178 Tom.
601 1119 660 1177 111.
673 1137 739 1198 pag.
755 1123 825 1179 450.
866 1118 1068 1190 Zenothemin‚
1092 1117 1166 1177 male

87 1200 120 1260 in
134 1199 267 1260 convivio
281 1199 452 1272 mulcatum,
466 1199 557 1260 altera
569 1217 656 1258 manu
677 1219 778 1258 nasum
794 1211 960 1271 tenentem,
984 1200 1075 1259 altera
1097 1219 1166 1258 ocu·

86 1281 160 1352 lum,
175 1292 206 1342 et
219 1281 422 1340 miserabiliter
440 1279 635 1340 clamitantem
659 1292 758 1340 monet
782 1279 926 1351 Hermon,
950 1281 1020 1339 licet
1043 1281 1166 1359 etipse,

86 1363 204 1422 duobus
225 1362 255 1419 in
269 1381 368 1439 pugna
381 1361 515 1422 dentibus
529 1363 667 1434 excussis,
688 1359 814 1440 graviter
842 1359 957 1420 dolens:
987 1363 1103 1439 talpam
1126 1363 1168 1438 pb

87 1472 139 1515 τοι,
154 1441 175 1501 al
189 1441 361 1520 Zeti-baptiste
376 1446 408 1502 ἐκ
422 1442 555 1526 &beldegii
568 1447 616 1524 ripa]
629 1451 669 1503 cir
683 1445 765 1504 viror.
807 1443 950 1501 Memento
974 1461 1050 1513 vero,
1075 1463 1091 1500 ο
1113 1443 1166 1500 Ze·

89 1523 226 1595 notberti,
244 1527 351 1602 tejam
375 1523 496 1584 dolorem
518 1533 695 1604 scriptitare
717 1544 775 1582 rem
803 1523 1015 1604 indifferentem.
1060 1523 1165 1600 Neque
1215 1539 1218 1544 '

92 1604 181 1682 plene
195 1604 331 1663 abhorret
346 1604 515 1664 Latinorum
529 1613 632 1676 tameo,
646 1604 761 1683 quando
775 1622 828 1683 pro
842 1625 938 1664 reuera
952 1604 1078 1682 ponitur.
1115 1601 1165 1663 Sic

93 1683 183 1743 Ovid.
196 1683 233 1744 de
247 1684 334 1743 Pont.
349 1684 399 1744 tib.
413 1686 471 1744 111.
484 1686 521 1744 el.
535 1689 564 1744 2.
576 1706 604 1745 v.
619 1691 666 1745 30.

257 1849 291 1907 Si
303 1856 396 1907 tomen
410 1869 428 1908 a
442 1851 558 1910 memori
566 1849 732 1931 posteritate
745 1845 832 1930 legor.

87 2011 118 2070 h.
135 2031 161 2070 e.
175 2011 202 2070 ri
215 2031 313 2070 revera
328 2010 418 2092 legor.

127 2169 197 2230 Vll.
221 2170 304 2230 Serio
330 2127 447 2250 quoque
469 2171 638 2250 loquuntur,
657 2171 706 2251 qui
728 2171 837 2252 aliquid
860 2183 975 2252 urgent,
990 2172 1165 2254 instantque,

85 2262 117 2310 et
131 2252 310 2311 accelerant:
331 2251 400 2310 hinc
411 2252 441 2309 in
450 2253 614 2313 accelerata
623 2253 816 2331 appellatione
828 2266 949 2314 utuntur·
959 2255 1067 2328 Graeci,
1079 2267 1112 2314 ut
1123 2257 1165 2314 A·

86 2333 244 2412 ristopltan.
258 2333 288 2390 ln
304 2332 378 2393 Rau.
392 2353 419 2392 v.
435 2335 503 2398 172.
546 2335 638 2404 Οὗτος,
654 2336 759 2410 dabo
782 2337 826 2414 pois
847 2363 894 2396 ru.
938 2334 1019 2396 Heus
1042 2346 1092 2408 tus
1115 2335 1167 2396 tili

89 2435 156 2474 uero
171 2415 242 2474 dico.

134 2579 221 2638 Vlll.
244 2581 298 2640 Usi
312 2593 379 2640 sunt
392 2581 489 2654 eiam,
502 2582 563 2654 ubl,
577 2584 809 2662 precedentibus
822 2585 868 2652 vel
882 2586 1024 2658 refutatis,
1038 2582 1084 2645 vel
1098 2585 1163 2644 mis·

89 2659 140 2732 sis,
161 2672 298 2738 tanquam
312 2662 484 2722 refutatione
500 2663 636 2742 indignis,
657 2676 769 2724 certum
791 2665 898 2744 aliquid
917 2669 1063 2738 statuitur,
1085 2667 1163 2746 quod

89 2741 229 2820 imprimis
243 2754 373 2821 urgetur,
393 2755 426 2802 nt
443 2743 477 2803 fit
495 2745 525 2802 in
545 2765 592 2824 ep.
613 2744 696 2804 Paul.
719 2747 872 2824 posteriori
893 2747 931 2805 ad
951 2748 1078 2806 Timotb.
1100 2767 1163 2826 cap.

88 2822 132 2880 11.
147 2841 250 2882 comm.
268 2829 313 2884 19.
341 2824 491 2897 Dixerat,
514 2827 707 2905 Hymenaeum
723 2837 752 2884 et
771 2827 917 2886 Philetum
938 2847 1044 2899 errare,
1066 2829 1164 2886 dicen·

87 2914 142 2972 tes,
164 2906 403 2964 resurrectionem
415 2909 476 2983 jam
490 2926 553 2965 esse
566 2907 684 2979 factam,
705 2918 793 2986 atque
807 2909 849 2967 ita
861 2908 1017 2966 multorum
1034 2920 1165 2967 evertere

86 2983 200 3058 fidem„
219 2986 297 3044 Tum
311 2986 353 3057 id,
369 2987 451 3064 quod
461 2987 652 3047 certissimum
666 2999 720 3058 est,
735 3007 852 3066 urgens,
868 2989 909 3047 ita
928 2989 1036 3066 pergit:
1069 2991 1101 3047 'o
1122 2991 1165 3065 pb

84 3091 123 3125 τοι
137 3072 228 3149 nigris
243 3069 356 3144 θεμίλκς
370 3072 404 3128 aff
419 3073 473 3128 Otii
485 3067 589 3138 l'rrsasr,
611 3069 673 3148 ’ἔχων
687 3075 729 3133 mli
743 3068 879 3152 rqvgay'ide
892 3069 994 3134 vedrae
1007 3069 1094 3141 ”Epio
1112 3069 1164 3129 rti-

86 3173 134 3228 ςιος
149 3153 194 3214 rie
208 3146 279 3215 lna
294 3153 370 3210 adri·
414 3149 482 3208 Non
497 3149 526 3206 in
541 3169 577 3209 eo
591 3163 645 3222 est,
667 3161 701 3209 nt
713 3149 799 3208 falsas
812 3162 842 3210 et
856 3149 958 3208 noxias
977 3151 1164 3228 reproborum

87 3225 237 3303 opiniones
250 3229 368 3300 refutet,
393 3229 501 3310 quippe
515 3231 643 3292 scribens
660 3231 826 3302 Timotheo,
851 3231 970 3290 melio'ra
990 3230 1091 3300 docto;
1112 3232 1164 3292 sed

87 3318 188 3366 monet
203 3327 281 3378 erun,
302 3321 334 3368 ut
347 3329 400 3389 pro
414 3311 488 3368 virili
503 3313 639 3391 reprimat
659 3313 773 3372 insanos
795 3313 858 3372 illos
877 3313 1026 3384 clamores,
1048 3309 1162 3374 interim

88 3405 175 3466 quam
190 3389 347 3450 certissime
361 3391 504 3450 affirmans
519 3405 656 3452 constans
670 3395 727 3454 Dei
742 3413 811 3473 erga
824 3413 891 3454 suos
913 3395 1077 3454 consilium:
1098 3415 1162 3456 sen-

86 3488 134 3526 sus
149 3468 249 3548 itaque
263 3482 321 3529 est:
359 3472 501 3554 Quicquid
512 3471 557 3532 illi
569 3474 718 3548 blaterant,
734 3475 784 3535 hoc
799 3477 908 3556 quidem
922 3485 996 3536 certe
1009 3479 1085 3536 omni
1097 3499 1162 3536 coa-

84 3551 222 3610 troversia
236 3555 328 3632 mrrjm
341 3563 392 3624 eat,
413 3555 474 3614 Dei
486 3553 605 3614 solidum
623 3564 699 3615 stors
706 3559 930 3636 fundamentum
944 3557 994 3618 froc
1008 3559 1111 3617 habens
1124 3558 1161 3626 si·

84 3631 204 3711 gillam.-
248 3633 337 3692 Novit
351 3635 505 3708 Dominus,
519 3637 568 3715 qai
580 3637 625 3696 sui
636 3639 702 3697 sint.

127 3795 181 3880 lx,
202 3796 282 3856 Nihil
298 3797 390 3876 magis
404 3808 448 3858 est
462 3799 676 3879 pervulgatum,
691 3821 776 3882 quam
791 3806 827 3881 τῇ
843 3804 924 3880 μέντοι
941 3799 1092 3878 adsignare
1112 3819 1163 3878 po·

91 3887 222 3936 testatem
236 3878 456 3950 adversativam,
478 3901 542 3959 quae
556 3893 664 3953 minen,
685 3883 708 3941 si
721 3883 821 3941 stricte
834 3883 989 3960 loquimur,
1011 3879 1090 3937 nulla
1106 3893 1163 3956 est3

80 3957 191 4016 sivero
205 3958 241 4016 ad
256 3979 339 4019 usum
354 3961 533 4040 respicimus,
548 3962 714 4036 dicendine,
734 3965 815 4041 μέντοι
830 3961 1040 4022 adversativum
1061 3961 1162 4035 videri,

87 4038 391 4180 qquiamlpdversam
406 4054 519 4121 partem
534 4043 695 4118 confirmat,
717 4058 750 4104 ut
764 4065 830 4103 cum
845 4043 967 4120 legimus
983 4041 1061 4119 apud
1082 4044 1163 4103 Aris-

87 4131 135 4200 top
159 4164 166 4180 .
184 4120 213 4180 in
258 4129 407 4184 an.v.·61.

363 4293 462 4351 -Orir
475 4288 526 4370 ixa
540 4290 648 4374 perires·
