2880 4804
355 818 358 825 ’
502 845 885 935 PRAEFATIO.

219 1669 547 1752 Hooonvnnstsm
557 1679 678 1779 operis
690 1681 738 1757 de
751 1678 947 1756 Partic'ulis
959 1677 1101 1778 linguoe
1112 1699 1203 1777 gron

171 1843 235 1896 cae
254 1819 456 1918 Epitomen
472 1847 495 1895 a
510 1847 570 1898 me
586 1825 693 1900 Jenae
709 1853 742 1900 s
769 1793 1078 1902 eIoIoccnxxxd.
1096 1809 1209 1898 'cura-
1308 1899 1311 1906 ,

171 1983 271 2058 tam,
298 1991 413 2066 quum
437 1969 639 2048 etiamnum
656 1999 679 2046 a
695 1973 872 2048 studiosis
892 1973 1019 2074 expeti
1033 1973 1214 2063 viderem,

68 2109 72 2128 '
175 2107 384 2228 dinenditis
401 2119 600 2218 superioris
616 2121 791 2196 editionis
809 2119 1004 2219 exemplis,
1024 2120 1150 2194 denuo
1163 2118 1216 2194 sic

1 2256 5 2273 '
68 2277 75 2290 ·
179 2265 371 2358 recensui,
396 2278 440 2342 ut
461 2268 798 2346 animadversiones
821 2267 909 2344 olim
934 2267 1097 2366 adjectos
1115 2276 1154 2340 et
1170 2266 1216 2342 ab

79 2477 81 2482 ,
185 2407 449 2513 Hoogeveeno
472 2419 649 2518 singulari
673 2417 813 2509 libello,
838 2417 902 2518 qui
924 2441 1043 2517 nuper
1066 2415 1252 2504 demum*

185 2561 304 2639 amici
319 2564 501 2640 beneficio
517 2567 556 2640 in
574 2593 704 2644 manus
720 2593 820 2644 meas
836 2569 1020 2668 pervenit,
1046 2568 1113 2644 sub
1131 2587 1216 2668 eso·

182 2737 277 2788 men
292 2725 455 2805 vocatas,
497 2727 562 2791 aut
579 2679 774 2808 fiimorem,
799 2727 877 2809 aut,
904 2716 969 2791 ubi
992 2739 1084 2814 opus
1107 2723 1217 2804 esset,

183 2860 428 2960 contigerem.
484 2862 557 2938 Eas
583 2865 716 2965 partim
740 2865 781 2939 in
805 2865 886 2964 ipso
910 2875 1018 2941 textu
1043 2863 1217 2963 uncis[]

186 3008 352 3087 inclusas
368 3012 490 3110 posui,
514 3014 648 3112 partim
664 3015 704 3088 in
726 3013 984 3116 appendicem,
1010 3038 1093 3112 quae
1117 3037 1218 3090 nunc

88 3149 89 3154 ¹
189 3164 344 3240 demum
367 3163 538 3253 accessit,
568 3163 724 3263 conjeci.
776 3163 828 3238 Et
854 3187 970 3262 quum
1001 3161 1219 3262 Hoogevee-

187 3339 262 3390 nus
281 3313 566 3412 quamplurima
592 3312 763 3412 exemplo
789 3337 837 3387 ex
855 3311 1008 3386 Platone
1025 3310 1221 3403 attulisset,

191 3463 334 3562 ubique
351 3463 478 3537 addidi
490 3474 675 3538 tomorum
689 3473 728 3537 et
739 3461 957 3562 paginarum
971 3460 1142 3536 editionis
1160 3461 1222 3538 Bi·

190 3609 359 3710 pontinae
378 3635 567 3702 numeros,
584 3635 700 3710 quum
728 3609 825 3684 hanc
843 3608 1044 3686 editionem
1072 3611 1112 3686 in
1128 3611 1221 3686 mul-

195 3768 317 3834 torum
335 3759 586 3852 studiosorum
602 3758 771 3836 meminus
796 3759 932 3834 versari
948 3761 1092 3836 scirem.
1143 3757 1221 3832 Ac-

195 3908 308 3982 cessit·
320 3933 368 3986 ex
384 3907 603 4010 praefatione
632 3907 875 4012 Hoogeveeni
893 3907 993 3982 utilis
1008 3907 1129 3993 locus,
1146 3919 1221 4002 quo

196 4059 368 4136 universe
385 4061 433 4136 de
456 4058 721 4160 particularum
750 4083 883 4159 graeeae
911 4057 1051 4156 linguae
1077 4051 1221 4156 origine

196 4221 233 4286 et
245 4221 384 4288 notura
399 4209 613 4312 disputavit,
641 4233 687 4286 ac
703 4219 808 4286 recte
835 4232 897 4285 eas
926 4223 1090 4302 unquam
1119 4227 1220 4280 mere
