2674 4816
160 197 220 256 282
637 211 778 260 unitor.

164 364 226 446 quit
250 361 307 434 ille,
322 382 408 424 nemo
431 365 582 430 sacrificat.
626 366 703 426 Tum
718 364 817 426 Cario:
839 368 908 432 τιίις
931 364 1018 434 draus
1043 357 1264 436 Quamobm?

165 443 337 524 Respondet
351 443 413 506 ille:
428 446 492 509 “ora
516 449 606 515 edne
621 453 666 514 stet
680 447 796 520 raino,
816 447 894 527 quod
906 467 999 509 omnes
1012 454 1077 506 aaut
1092 437 1265 524 locupletes.

77 541 83 552 ·
165 526 253 586 Hanc
267 525 408 588 rationem
421 527 515 588 firmat
529 530 566 588 ab
580 528 726 608 exemplo,
741 529 854 592 diceust
1328 555 1329 568 ¹

166 981 208 1076 Et
221 1026 371 1086 tunetunc,
387 1039 471 1098 quum
481 1017 554 1077 nihil
561 1019 709 1092 iubebunt,
720 1018 794 1078 olins
804 1016 922 1100 appulsa
934 1019 1000 1076 navi
1011 1027 1153 1078 sustentor
1168 1018 1261 1076 sari·

155 1098 259 1176 ficiam
274 1097 373 1158 obtulit
387 1101 485 1173 reduc,
501 1099 575 1160 olias
589 1109 646 1160 etc.

209 1268 246 1328 V.
267 1268 393 1335 Quintus
403 1287 472 1326 usus
481 1277 526 1326 est
536 1269 688 1342 ἔπιλιγιιὶς,
703 1267 733 1326 in
744 1286 803 1345 quo
812 1266 915 1330 statuit
923 1265 1067 1326 Devarius
1076 1275 1262 1343 potatum

169 1349 350 1410 collectivam
364 1347 614 1432 conclusionisque
635 1349 785 1408 illativum:
807 1348 935 1408 Budaeus
958 1365 1075 1428 qunque
1088 1366 1159 1425 pag.
1189 1351 1261 1406 483.

169 1429 353 1489 collectivum
376 1441 472 1500 vocat,
497 1439 531 1488 ut
553 1433 631 1492 τοίνυν
655 1443 686 1490 et
700 1435 826 1513 magis,
847 1429 980 1524 proinde,
1001 1431 1106 1509 itaque.
1151 1427 1259 1506 Neque

169 1511 309 1588 refragor,
324 1510 482 1570 dummodo
495 1513 633 1590 potestati
645 1511 788 1591 prunarias
800 1511 871 1570 nihd
882 1511 1049 1590 derogetur,
1064 1527 1159 1588 quare
1173 1527 1258 1568 tuam

169 1592 267 1650 malim
281 1593 360 1651 lrunc
374 1611 461 1671 quam
473 1603 647 1671 potestatem
661 1593 773 1662 diceret
793 1611 889 1673 neque
903 1593 980 1652 enim
993 1603 1104 1652 temere
1118 1592 1160 1650 ob
1177 1611 1257 1650 cont-

170 1673 286 1732 modam
299 1673 421 1752 alicujus
434 1673 491 1734 loci
505 1673 773 1753 interpretationem
786 1674 993 1754 particularum
1013 1683 1180 1752 potestates
1193 1686 1257 1731 sum

168 1755 404 1834 multiplicandae.
446 1753 481 1813 E.
498 1776 526 1834 g.
540 1755 676 1834 producit
690 1755 834 1816 Devorius
848 1755 999 1836 Aristoph.
1012 1755 1042 1814 in
1053 1755 1133 1814 Plut.
1146 1776 1178 1813 v.
1191 1761 1257 1816 531.

171 1835 220 1894 ubi
232 1837 392 1916 Paupertas
405 1855 473 1894 cum
481 1839 672 1897 recensuisset
687 1838 847 1906 commoda,
863 1837 930 1896 vitae
943 1837 1092 1897 hominurn
1106 1836 1256 1912 obfutura,

170 1916 194 1975 si
208 1936 309 1978 omnes
322 1937 360 1978 ex
374 1937 458 1997 equo
472 1917 659 1995 ditescerent,
679 1917 760 1978 addit
774 1922 933 1993 telamanio

251 2089 339 2149 Καίτοι
353 2091 382 2148 τί
392 2087 465 2148 anias
478 2089 590 2146 camd»
603 2086 664 2152 iera,
683 2086 788 2144 etism
801 2083 880 2145 viras
894 2088 1048 2167 &reginen

172 2253 265 2320 Quasi
277 2251 398 2321 diceret,
419 2252 448 2310 τί
457 2247 486 2312 ir
500 2249 582 2316 raian
598 2247 644 2306 vel
658 2245 719 2314 aim
732 2247 855 2312 ra'aeaio.
878 2245 978 2317 idest,
1002 2246 1097 2315 Quare
1119 2243 1256 2323 nihilju·

172 2343 221 2392 aot
234 2333 347 2392 divitem
362 2349 430 2402 osae,
444 2331 470 2390 si
483 2329 562 2388 bonis
575 2327 632 2388 illis
646 2329 704 2386 nito
718 2336 823 2386 careat.
866 2328 975 2395 Recte;
992 2327 1046 2385 scd
1059 2345 1126 2397 cur,
1141 2339 1255 2384 servata

172 2413 307 2494 primaria
325 2422 481 2490 potestate,
502 2429 561 2468 non
581 2409 669 2468 liceat
689 2407 823 2468 reddere:
845 2409 886 2466 Et
898 2429 977 2479 sane,
998 2408 1203 2488 quidprostmt
1215 2408 1254 2466 di·

174 2495 264 2565 tt'tt'ae,
286 2494 312 2552 si
331 2493 454 2551 dominos
467 2491 513 2554 Iria
526 2491 651 2550 omnibus
669 2490 804 2548 careant?
845 2489 986 2548 Dicamus
1006 2489 1103 2567 igitur,
1126 2499 1254 2568 potesta-

174 2585 234 2634 tem
248 2572 429 2633 asseverandi
443 2571 656 2652 copulandique
669 2581 807 2650 praestare
821 2589 905 2630 usum
922 2570 1119 2642 collectivum,
1140 2571 1187 2629 uti
1210 2571 1255 2628 hic

173 2667 204 2715 et
217 2655 296 2734 apud
310 2653 385 2713 Plat.
401 2653 489 2733 Apol.
504 2655 586 2716 Socr.
599 2671 666 2734 pag.
679 2656 729 2716 27.
750 2652 800 2711 ubi
815 2653 961 2724 Socrates,
980 2651 1077 2710 Meliti
1090 2653 1254 2712 accusatio

173 2755 241 2795 nem
256 2735 412 2806 infirmans,
430 2753 511 2794 more
524 2753 579 2793 suo
593 2735 773 2816 slgurrviprm,
795 2733 889 2812 fingit,
909 2732 1054 2813 putavisse
1066 2751 1136 2792 eum
1151 2734 1253 2792 Socra·

173 2829 235 2878 tem
256 2817 471 2877 intellecturum
492 2815 585 2894 ipsum
604 2815 696 2893 Jocari
726 2815 872 2874 dicentem
902 2815 956 2874 sibi
987 2813 1143 2884 contraria,
1175 2815 1252 2893 quasi

174 2897 299 2958 diceret:
321 2897 462 2981 delinquit
484 2897 619 2956 Socrates
639 2896 669 2955 in
690 2915 736 2968 eo,
757 2897 836 2974 quod
856 2895 926 2957 deos
946 2915 1010 2956 esse
1029 2915 1088 2956 non
1108 2907 1207 2974 putat,
1224 2907 1252 2954 et

176 2980 256 3060 quod
269 2981 352 3038 Deos
366 2999 428 3038 esse
441 2989 535 3058 putat.
579 2977 656 3036 Tum
669 2979 812 3055 sequitur:
853 2983 943 3040 Καίτοι
957 2979 1018 3038 riri
1040 2981 1091 3038 im
1112 2981 1251 3056 ηιζιηις.

175 3059 422 3120 Possisredderet
444 3061 524 3140 Ergo
544 3059 591 3118 vel
611 3060 652 3118 Er
665 3079 733 3118 acne
751 3059 803 3118 hoc
815 3060 997 3140 estjoccatis.
1017 3059 1074 3130 vel,
1095 3059 1178 3137 quod
1190 3077 1251 3138 pro·

174 3142 239 3220 pius
253 3141 290 3201 ad
304 3153 436 3201 naturam
449 3140 600 3221 particule
613 3147 652 3201 ul
665 3139 791 3200 accedit:
832 3141 874 3199 Et
887 3161 984 3202 renero
998 3140 1049 3200 ltoo
1062 3149 1103 3200 est
1113 3142 1249 3219 jocantis.

217 3303 270 3362 v1.
292 3304 401 3364 Sextus
420 3323 489 3362 usus
509 3303 611 3382 quinto
630 3303 742 3363 vicinus
761 3313 835 3374 esto,
862 3303 963 3363 itidem
984 3307 1138 3378 trasmae,
1167 3325 1252 3384 qaum

175 3403 235 3442 non
249 3395 308 3442 tam
323 3387 411 3444 verbo
426 3397 547 3454 ‚constat
570 3385 729 3456 conclusio,
750 3403 836 3464 quam
856 3384 945 3444 facto.
990 3385 1025 3443 E.
1053 3406 1082 3464 g.
1102 3405 1172 3446 cum
1193 3387 1251 3464 quis

162 3459 270 3536 alteri,
296 3465 412 3544 utquid
433 3465 531 3538 faciat,
553 3478 604 3526 aut
625 3466 733 3537 mittat,
754 3465 846 3540 multo
870 3478 978 3526 conatu
998 3466 1176 3545 persuadere
1197 3487 1250 3526 noa

176 3557 282 3626 potest,
306 3565 431 3625 eumque
445 3567 521 3626 aegre
539 3547 655 3608 tandem
680 3559 711 3607 et
734 3546 839 3606 invitus
860 3547 960 3620 mittit,
982 3548 1044 3606 fere
1067 3567 1135 3608 curn
1159 3549 1251 3627 aliqua

176 3629 409 3689 comminatione.
454 3629 500 3687 lta
515 3629 634 3708 Ulysses
649 3629 727 3708 apud
751 3628 889 3708 Sophocl.
912 3629 942 3688 in
965 3629 1101 3690 Philae„
1112 3651 1141 3690 t.
1165 3635 1248 3691 lato.

178 3730 245 3769 cnm
258 3710 365 3769 frustra
378 3709 427 3768 diu
442 3710 615 3770 dissuaserat
629 3708 834 3789 Neoptolemo,
855 3731 892 3772 ne
906 3730 986 3771 arma
1005 3711 1179 3773 Philoctete
1197 3725 1250 3772 tra·

176 3791 269 3862 deret,
292 3807 348 3854 uec
361 3791 445 3850 minis
459 3791 576 3872 quidem
590 3792 744 3882 quicquam
758 3791 925 3871 proficeret,
945 3793 1058 3866 absistit
1071 3795 1192 3856 tandem
1210 3795 1251 3852 lris

176 3874 287 3933 verbis:

602 727 644 742 “““
657 698 746 756 [14¹5ss
760 693 827 766 sifi,

239 769 302 833 ‘'Or'
315 772 380 852 ιῙχον
395 773 456 842 ills,
472 778 484 834 ὅ
498 776 541 852 ptis
555 774 586 836 rit
595 775 660 850 iaus
672 775 781 858 ἰ’μτοςος

239 853 349 915 ’Ἔθνσιν
362 857 444 939 ἱιςᾶὅν
458 883 483 916 rt
498 859 592 926 assui·
606 867 663 924 etc.

1328 3875 1329 3914 l

1328 3927 1329 3960 l

1328 3967 1329 4012 l

256 4046 346 4102 Kat‘tot
360 4039 383 4098 τ’
397 4040 468 4100 laire-
489 4041 526 4118 rii
536 4036 561 4098 di
575 4038 703 4116 riparum
717 4043 821 4122 πςιτᾷ

256 4124 321 4196 diist
335 4121 393 4182 τίδ’
407 4123 495 4190 otiu,
510 4121 534 4186 ‘le
549 4146 575 4180 σι
587 4123 761 4204 septupium.

182 4285 260 4354 Quid
271 4285 360 4344 istuc?
378 4286 486 4345 mittam
501 4293 546 4345 te:
567 4292 600 4349 ttt
620 4284 749 4345 universa
767 4283 912 4360 exeant,
933 4283 982 4346 nti
993 4283 1143 4360 adaman,
1163 4285 1251 4346 dimo
